3559 5609
1525 923 1629 982 111,
1666 923 1711 972 8.
2624 927 2682 976 35

552 1038 936 1120 plerumque
961 1039 1030 1100 in
1070 1039 1222 1101 vitio
1251 1039 1613 1115 ducuntur,
1656 1057 1784 1103 non
1817 1039 2126 1116 efficitur,
2158 1040 2394 1102 iterum
2437 1041 2680 1119 dicam,

552 1155 622 1208 ut
656 1163 884 1208 sensns
911 1164 1105 1226 quem
1146 1162 1499 1225 proponam
1540 1145 1947 1226 spernendus
1974 1147 2091 1222 sit,
2132 1148 2505 1228 praesertim
2534 1164 2685 1211 oum

550 1261 852 1316 contextu
883 1250 1339 1332 expostuletur.

630 1359 733 1422 Ad
763 1378 824 1425 v,
865 1360 900 1419 4
932 1358 1383 1439 explicandum
1413 1358 1578 1421 dnae
1610 1366 1944 1440 patescunt
1976 1360 2139 1437 viae,
2170 1361 2343 1423 inter
2371 1375 2532 1441 quas
2555 1361 2682 1424 dif-
2791 1393 2798 1398 -

550 1465 722 1529 ficile
752 1473 848 1528 est
886 1476 1273 1546 praeoptare.
1314 1465 1557 1528 Sensus
1588 1466 1813 1548 utique
1842 1467 2016 1529 idem
2060 1475 2174 1529 est.
2216 1469 2393 1530 Num
2425 1455 2686 1529 verten-

549 1574 708 1636 dum
756 1596 786 1630 α
835 1573 1076 1636 etenim
1127 1590 1274 1635 cum
1324 1575 1468 1654 quis
1507 1573 1661 1635 dicit
1713 1592 1727 1636 ε
1776 1574 1910 1653 Ego
1952 1574 2334 1653 quidem...‚
2382 1574 2686 1638 homines

552 1697 685 1743 non
723 1681 875 1743 estis
888 1725 908 1758 ,
942 1680 1079 1743 scil.
1123 1679 1314 1743 τέλειοι
1347 1704 1404 1760 n,
1444 1698 1528 1742 an
1563 1704 1594 1739 «
1641 1683 1885 1743 etenim
1930 1699 2081 1743 cum
2121 1681 2269 1762 quis
2312 1681 2516 1745 dicit:
2556 1682 2688 1761 Ego

552 1787 936 1868 quidem...‚
985 1786 1374 1849 hominesne
1422 1788 1624 1850 estis‘t
1670 1812 1699 1845 »
1757 1789 1835 1850 In
1890 1789 2101 1870 priore
2157 1789 2688 1869 interpretatione

550 1894 819 1979 quadrat
864 1894 1124 1973 negatio
1155 1913 1305 1957 curn
1342 1913 1400 1956 v.
1449 1893 1515 1958 3¹³
1558 1896 1900 1975 negatione
1943 1920 1955 1956 :
2012 1895 2084 1958 T.
2133 1895 2211 1958 R.
2252 1904 2565 1957 servatur.
2606 1894 2684 1956 In

547 2003 930 2084 posteriore,
961 2000 1233 2082 quadrat
1266 2002 1687 2080 interrogatio
1730 2019 1881 2065 cum
1926 2021 1985 2063 v.
2038 1999 2106 2063 3¹³
2149 2000 2682 2079 interrogatione,

548 2128 622 2173 ac
655 2111 997 2189 corrigitur
1034 2107 1376 2171 ...Ἀπολλώ
1396 2156 1413 2185 ,
1457 2108 1717 2192 ἄνθρωποί
1754 2112 1911 2186 ἐστι,
1945 2108 2187 2171 omissa
2218 2108 2557 2186 negatione
2591 2110 2685 2168 οὐκ

547 2235 711 2300 qnae
765 2218 982 2280 forsan
1027 2217 1143 2278 illa
1185 2226 1280 2279 est
1327 2235 1518 2297 quam
1579 2226 1730 2280 ante
1781 2225 2117 2301 περιπατεῖτε
2156 2216 2560 2297 reposuimus
2610 2233 2684 2278 ac

546 2323 717 2387 male
764 2324 1070 2388 omissam
1121 2323 1290 2387 male
1335 2323 1736 2386 restituerint
1787 2323 2038 2385 librarii
2093 2343 2106 2384 :
2167 2340 2311 2384 mea
2356 2322 2561 2401 igitur
2602 2319 2682 2383 de

546 2432 691 2515 ἄνθρ.
724 2433 1093 2511 conjectura
1131 2431 1381 2495 ordinis
1409 2432 1778 2495 immutatio
1808 2432 2073 2494 demum
2102 2430 2287 2494 foret.

1483 2648 1583 2712 III
1610 2693 1630 2726 ,
1677 2649 1740 2715 5.

512 2910 517 2916 -
625 2865 1040 2946 Interpuncto
1062 2873 1132 2926 nt
1162 2863 1321 2928 solet
1349 2883 1411 2926 v.
1436 2864 1495 2938 5,
1534 2864 1726 2924 verba
1750 2862 1844 2924 καὶ
1871 2863 2082 2946 ἑκάστῳ
2106 2895 2186 2909 -
2208 2863 2399 2923 ἔδωκεν
2428 2881 2502 2924 ex
2533 2880 2674 2925 am-

545 2973 742 3050 biguo
786 2972 957 3059 dicta
995 2971 1318 3048 videntur.
1367 2970 1803 3033 Grammatice
1848 2971 2024 3031 enim
2061 2978 2326 3049 possent
2372 2969 2517 3034 illos
2560 2971 2678 3051 qui

546 3077 942 3164 crediderint
967 3095 1170 3159 aeque
1187 3094 1262 3140 ac
1290 3075 1438 3140 illos
1469 3076 1582 3156 qui
1609 3076 1840 3137 διάκονοι
1870 3077 2290 3138 nominentur
2311 3076 2672 3156 designare.

545 3183 894 3248 Contextus
935 3185 1215 3264 profecto
1255 3176 1538 3247 ostendit
1578 3183 1738 3246 haec
1787 3184 1976 3246 verba
2022 3184 2361 3246 referenda
2403 3201 2540 3247 esse
2595 3184 2676 3248 ad

544 3297 593 3353 οἱ
626 3292 876 3353 διάκονοι.
918 3291 1046 3355 Sed
1084 3292 1367 3355 ostendit
1412 3292 1610 3355 etiam
1653 3292 1936 3356 Paulum
1978 3311 2128 3355 curn
2156 3292 2316 3355 haec
2345 3292 2675 3371 scriberet,

542 3401 756 3481 potius
791 3400 868 3462 de
912 3399 1294 3462 discrimine
1336 3400 1424 3484 (v.
1468 3401 1533 3481 6)
1577 3419 1773 3481 qnam
1820 3400 1898 3463 de
1932 3400 2363 3463 similitudine
2397 3400 2676 3482 (διάκονοι)

544 3507 735 3570 Pauli
784 3507 1144 3589 Apolloque
1202 3509 1599 3587 cogitavisse.
1647 3508 2136 3588 Amphiboliam
2188 3511 2458 3572 omnino
2509 3509 2677 3572 vites

543 3617 1033 3697 asyndetouqne
1067 3615 1139 3677 in
1181 3636 1239 3679 v.
1289 3617 1322 3677 6
1359 3615 1571 3679 deleas
1614 3626 1674 3678 et
1710 3616 2046 3679 meliorem
2082 3616 2364 3695 denique
2410 3634 2675 3679 sensum

543 3725 831 3786 obtineas
860 3725 1382 3805 interpungendo
1421 3743 1435 3786 :
1599 3725 1667 3784 δι’
1706 3716 1779 3783 ὧν
1823 3723 2186 3787 ἐπιστεύσατε.
2219 3724 2330 3785 Καὶ
2358 3725 2568 3806 ἑκάστῳ
2599 3760 2678 3771 -

546 3828 759 3909 ἔδωκεν,
797 3829 903 3911 ἐγὼ
930 3830 1185 3915 ἐφύτευσα
1196 3877 1317 3894 .....

1487 4050 1621 4126 ΙΙΙ,
1668 4050 1728 4111 8.

625 4264 836 4341 Aegre
879 4263 1016 4334 fero
1050 4261 1217 4324 illud
1245 4263 1297 4324 ἔν
1326 4265 1562 4326 mediis
1589 4266 1655 4325 in
1685 4263 2043 4326 enuntiatis
2073 4265 2143 4326 in
2166 4265 2399 4345 quibus
2429 4274 2675 4329 tantum

542 4370 620 4432 de
645 4370 1015 4434 diversitate
1045 4388 1258 4434 sermo
1287 4380 1404 4450 est,
1430 4389 1550 4434 nec
1586 4371 1769 4433 video
1798 4372 2118 4450 quomodo
2153 4373 2323 4435 vocis
2351 4372 2543 4435 istius
2572 4375 2676 4436 ab·

545 4493 741 4540 sonae
772 4478 1068 4542 enodatio
1100 4478 1388 4543 eruenda
1432 4480 1535 4543 sit.
1581 4480 1757 4543 Haec
1791 4497 1956 4560 qnae
1997 4489 2394 4543 memoratur
2435 4482 2673 4558 unitaS‚
