3559 5609
1472 779 1575 829 vn
1590 817 1602 839 ‚
1643 779 1810 829 10-17.
2646 780 2708 829 65

579 912 653 959 ac
687 895 1056 959 membrum
1094 897 1174 958 ad
1218 894 1346 980 ἁνήρ
1380 893 1711 974 pertinens
1753 895 2046 958 membro
2085 896 2426 974 respondet
2469 895 2549 958 ad
2582 895 2708 977 γυνή

578 1002 927 1081 pertinenti
973 1007 1034 1064 et
1082 1019 1117 1065 6
1165 1003 1487 1064 contrario
1535 1001 1863 1076 vicissim,
1910 1000 2271 1079 neglexisse
2317 1000 2563 1063 Paulus
2608 1001 2712 1064 bis

581 1109 748 1171 mihi
780 1109 1037 1171 videtur
1065 1109 1516 1188 symmetriam
1549 1107 1801 1170 efficere
1845 1106 2189 1186 perfectam
2218 1089 2386 1187 quae
2414 1109 2559 1173 sine
2590 1108 2712 1171 du·

577 1214 687 1278 bio
721 1214 793 1276 in
825 1215 1048 1278 animo
1083 1216 1227 1295 ojus
1261 1220 1601 1276 constaret.
1643 1213 2040 1292 Legentibus
2073 1215 2401 1295 commisit
2426 1247 2511 1264 -
2541 1215 2716 1296 quod

582 1320 749 1382 nihil
781 1319 1059 1394 habebat
1086 1320 1233 1382 vitii
1264 1337 1475 1400 noque
1507 1319 1908 1382 incommodi
1930 1351 2015 1368 -
2038 1326 2109 1382 ut
2139 1320 2487 1384 subaudita
2514 1339 2714 1386 mem·

581 1428 694 1489 bra
726 1427 1074 1506 explerent.
1105 1459 1185 1474 —
1215 1427 1293 1488 In
1324 1445 1385 1487 v,
1428 1426 1608 1488 10-11
1654 1433 1796 1505 post
1838 1410 2205 1489 membrum
2244 1439 2465 1509 γυναῖκα
2491 1463 2573 1476 -
2598 1452 2718 1512 χω-

580 1539 810 1617 ρισθῆναι
841 1541 995 1597 sunt
1034 1534 1374 1614 explicatio
1417 1534 1858 1613 correctioque
1891 1553 1905 1595 z
1945 1532 2120 1595 ἐὰνδὲ
2161 1535 2253 1597 καὶ
2292 1542 2601 1621 χωρισθῇ...
2636 1537 2717 1600 In

581 1641 770 1703 Pauli
802 1648 1018 1704 mente
1049 1639 1216 1702 mihi
1257 1640 1513 1702 videtur
1549 1640 1920 1703 membrum
1949 1641 2109 1725 ἄνδρα
2141 1675 2223 1688 -
2252 1640 2456 1728 ἀφιέναι
2498 1650 2719 1707 secuta

579 1748 785 1811 fuisse
819 1747 1060 1810 Similis
1103 1746 1441 1826 explicatio
1477 1766 1491 1808 ε
1538 1746 1629 1808 ἐὰν
1664 1745 1720 1808 δὲ
1752 1747 1844 1809 καὶ
1892 1745 2036 1832 ἁφῇ,
2079 1748 2280 1829 μενέτω
2318 1750 2525 1831 ἄγαμος
2564 1748 2601 1823 ἢ
2648 1754 2715 1835 τῇ

577 1855 780 1937 γυναικὶ
823 1855 1236 1936 καταλλαγήτω.
1286 1887 1369 1902 -
1414 1854 1666 1917 Pariter
1713 1855 1786 1916 in
1833 1873 1891 1917 v.
1943 1856 2013 1917 15
2063 1857 2412 1936 propositio
2452 1857 2545 1920 καὶ
2587 1861 2634 1919 εἰ
2678 1862 2714 1930 ἡ

577 1963 798 2032 ἄπιστος
826 1963 1128 2046 χωρίζεται,
1152 1962 1455 2045 χωριζέσθω
1484 1962 1902 2025 enuntiatum
1927 1966 1974 2023 εἰ
2006 1960 2062 2023 δὲ
2102 1969 2130 2023 ὁ
2158 1963 2378 2032 ἄπιστος
2406 1963 2711 2048 χωρίζεται,

577 2069 876 2154 χωριζέσθω
908 2071 979 2132 in
1014 2069 1199 2132 Pauli
1235 2077 1449 2132 mente
1481 2069 1888 2149 sequebatur.
2102 2065 2108 2069 ’
2750 2057 2759 2065 ’

657 2179 958 2242 Attamen
989 2176 1240 2256 aliquid
1274 2176 1354 2239 de
1382 2176 1490 2239 his
1518 2177 1561 2238 l.
1600 2184 1823 2238 notare
1854 2176 2160 2240 volumus
2193 2202 2207 2238 ι

663 2283 725 2365 1)
763 2284 968 2346 10-11.
1000 2318 1079 2330 -
1104 2284 1186 2347 V.
1228 2283 1330 2357 11,
1364 2290 1437 2345 ut
1474 2282 1780 2362 explicari
1812 2283 2013 2361 solet,
2056 2283 2485 2364 perobscurus
2526 2291 2712 2347 estet

579 2391 889 2474 difficilis,
923 2392 1140 2455 Potest
1180 2398 1397 2453 autem
1427 2391 1614 2454 aliter
1648 2391 2017 2470 meliusque
2049 2391 2352 2470 intelligi.
2389 2392 2710 2456 Retruda—

577 2517 730 2563 mus
785 2500 1073 2579 primum
1128 2516 1546 2561 communem
1605 2499 2031 2578 interpretum
2089 2499 2478 2561 sententiam
2534 2498 2626 2562 ita
2676 2516 2716 2562 a

582 2606 772 2670 Godet
805 2624 1169 2687 expressam
1206 2630 1218 2667 ι
1258 2630 1288 2662 «
1323 2607 1415 2669 La
1454 2606 1771 2685 premiere
1806 2605 2010 2685 partie
2056 2606 2146 2668 du
2191 2624 2251 2668 v·
2291 2612 2387 2669 est
2419 2623 2551 2669 une
2592 2623 2715 2688 pa-

580 2713 916 2789 renthese3
964 2730 1073 2776 car
1106 2714 1168 2775 la
1199 2729 1453 2792 propos.
1492 2713 1905 2776 commencee
1944 2731 2004 2773 v.
2048 2713 2118 2773 10
2158 2712 2449 2775 s‘acheve
2480 2730 2593 2792 par
2620 2712 2716 2777 les

580 2819 873 2882 derniers
907 2825 1075 2881 mots
1112 2819 1204 2881 du
1233 2838 1295 2881 v,
1334 2820 1427 2880 11.
1463 2814 1775 2898 L'Apotre
1807 2819 2052 2897 prevoit
2081 2819 2140 2882 le
2180 2836 2287 2881 cas
2317 2824 2436 2897 ou,
2470 2819 2717 2899 malgre

583 2941 654 2986 sa
681 2923 942 2986 defense
984 2942 1070 2987 ou
1111 2921 1315 3004 plutot
1348 2926 1506 2988 celle
1551 2926 1642 2987 du
1674 2923 1998 3002 Seigueur
2022 2972 2039 3003 ‚
2072 2943 2205 2989 une
2247 2925 2487 2990 femme
2530 2926 2717 2990 chre-

587 3031 805 3093 tienne
830 3047 987 3100 aura
1015 3031 1221 3109 quitte
1243 3049 1359 3094 son
1384 3032 1574 3094 mari.
1606 3056 1634 3088 ιι
1660 3033 1746 3094 At
1780 3048 1898 3110 ego
1932 3032 2118 3094 aliter
2147 3033 2376 3106 sentio.
2412 3034 2489 3095 In
2517 3052 2579 3096 v,
2619 3034 2713 3112 11,

585 3143 658 3199 ut
680 3138 818 3217 ipse
844 3136 1121 3200 declarat
1141 3138 1410 3215 Paulae,
1436 3156 1568 3201 non
1599 3138 1894 3219 loquitur
1921 3137 2191 3215 Paulus,
2221 3139 2333 3202 sed
2363 3139 2712 3205 Dominus.

582 3244 859 3306 Initium
889 3245 1150 3308 dicendi
1188 3245 1344 3307 facit
1387 3246 1627 3308 iterum
1660 3243 1912 3308 Paulus
1953 3245 2143 3308 modo
2187 3246 2258 3307 in
2292 3266 2352 3309 v.
2405 3246 2498 3308 12.
2538 3248 2717 3310 Inter

576 3353 769 3416 verba
802 3352 1155 3436 παραγγέλλω
1196 3355 1291 3413 οὐκ
1335 3352 1442 3436 ἐγὼ
1476 3352 1616 3414 ἀλλὰ
1650 3358 1679 3414 ὁ
1706 3352 1879 3437 κύριος
1915 3361 1976 3415 et
2009 3353 2149 3436 λέγω
2182 3354 2289 3436 ἐγώ
2314 3402 2327 3429 ,
2358 3356 2457 3436 οὐχ
2485 3359 2514 3415 ὁ
2541 3352 2713 3439 κύριος

577 3460 833 3525 inclusa
873 3464 1066 3525 verba
1104 3461 1195 3522 ἐὰν
1224 3459 1281 3523 δὲ
1313 3461 1406 3524 καὶ
1446 3486 1584 3546 χωρ.
1620 3496 1698 3508 -
1739 3462 2134 3543 καταλλαγήτω
2179 3480 2311 3525 non
2348 3480 2460 3541 pro
2503 3463 2714 3526 incisa

577 3568 771 3631 Pauli
802 3569 1123 3632 sententia
1153 3570 1451 3634 habenda
1483 3577 1674 3646 sunt,
1709 3570 1820 3632 sed
1849 3586 1963 3650 pro
2002 3576 2179 3649 parte
2217 3570 2484 3632 Domini
2512 3571 2708 3651 jussi.

557 3673 968 3756 ⁸Cetei-oquin
1013 3695 1132 3740 vox
1179 3677 1270 3738 ἐάν
1319 3694 1471 3739 cum
1509 3677 1683 3757 subj.
1718 3694 1925 3757 praee.
1967 3677 2066 3739 vel
2103 3693 2275 3755 aor.‚
2308 3693 2459 3738 cum
2491 3676 2711 3756 sequi-

582 3786 687 3841 tur
726 3783 1075 3859 propositio
1111 3784 1493 3863 principalis
1523 3785 1593 3845 in
1631 3800 1762 3864 qua
1802 3783 2098 3861 imperat.
2141 3783 2436 3861 ponitur,
2472 3783 2712 3846 usitata

581 3892 675 3948 est
707 3885 787 3948 ad
833 3886 1006 3965 leges
1044 3890 1439 3953 scribendas.
1472 3921 1554 3937 -
1594 3915 1621 3945 ι
1651 3888 1751 3950 On
1803 3905 1841 3949 a
1885 3888 2189 3967 euvisage
2229 3905 2481 3953 comme
2522 3890 2708 3953 inad-

578 3993 872 4057 missible
896 3994 1099 4077 (addit
1128 3996 1334 4075 Godet)
1372 4015 1502 4060 une
1534 3995 1798 4076 pai-cille
1827 3994 2138 4057 violation
2171 3994 2250 4058 de
2279 3995 2341 4056 la
2371 3995 2584 4075 parole
2618 3998 2708 4060 du

576 4101 901 4182 Soigneur
934 4151 974 4165 ..
1010 4103 1231 4185 (Mais)
1258 4104 1423 4167 Paul
1454 4103 1721 4184 pouvait
1750 4101 2201 4181 parfaitement
2229 4103 2484 4181 prevoir
2512 4103 2571 4167 le
2600 4122 2708 4167 cas

577 4215 692 4289 ou,
728 4212 972 4293 malgre
1004 4221 1164 4276 cette
1195 4213 1458 4277 defense
1481 4259 1495 4286 ‚
1532 4228 1660 4273 une
1694 4211 1968 4284 femme,
2003 4210 2223 4272 outree
2258 4211 2371 4273 des
2411 4212 2708 4275 mauvais

577 4320 976 4384 traitements
1015 4321 1173 4385 dont
1215 4320 1337 4384 elle
1376 4320 1529 4382 etait
1571 4319 1633 4380 la
1682 4318 1981 4396 victime,
2028 4336 2096 4380 se
2144 4320 2488 4398 separerait
2517 4321 2708 4383 brus-

2345 4428 2381 4488 5
