3559 5609
1607 852 1712 913 XI,
1752 851 1919 903 16-34.
2748 852 2834 902 117

787 963 971 1028 Godel
1001 966 1094 1028 XI
1117 1017 1131 1044 ,
1165 966 1239 1027 20
1271 967 1359 1029 sic
1406 968 1600 1030 vertit
1632 986 1648 1029 z
1686 990 1715 1023 α
1753 969 1910 1030 Lors
1952 968 2119 1029 donc
2151 986 2277 1048 que
2308 984 2465 1030 vous
2497 985 2652 1030 vous
2683 973 2832 1030 reu-

707 1074 912 1135 nissez
942 1073 1104 1135 dans
1138 1075 1201 1136 le
1230 1074 1443 1137 meme
1475 1074 1603 1137 lieu
1625 1123 1638 1150 ‚
1670 1093 1741 1137 ce
1760 1052 1938 1136 ‘n’est
1962 1093 2075 1155 pas
2109 1073 2172 1137 la
2209 1093 2481 1154 manger
2509 1076 2571 1139 le
2603 1095 2833 1157 souper
2858 1150 2871 1159 ι

702 1180 792 1242 du
825 1181 1162 1258 seigneur.
1202 1205 1231 1237 n
1266 1182 1561 1245 Profecto
1594 1182 1774 1244 nulla
1807 1181 2043 1243 alia.T.
2081 1183 2159 1244 R.
2200 1182 2532 1245 translatio
2563 1185 2833 1263 proponi

699 1296 927 1367 potest,
953 1296 1236 1351 attamen
1268 1288 1459 1368 longe
1488 1291 1668 1352 abest
1696 1297 1766 1352 ut
1796 1308 2059 1352 sensum
2083 1290 2479 1370 probabilem
2506 1292 2825 1371 praebeat.

702 1395 1069 1475 Utcumque
1094 1397 1271 1458 enirn
1301 1398 1690 1459 conveniant
1716 1398 2015 1460 homines
2048 1401 2259 1478 (atque
2284 1398 2406 1479 ipsi
2434 1398 2828 1480 christiani),
2878 1411 2888 1419 ·

698 1503 859 1565 illud
891 1504 1226 1588 συνέρχεσθαι
1260 1524 1582 1587 nunquam
1623 1506 1799 1569 idem
1838 1507 2006 1569 valet
2040 1507 2344 1590 idemque
2374 1508 2697 1587 significat
2731 1518 2828 1570 at-

698 1629 823 1691 que
850 1614 912 1674 τὸ
939 1615 1183 1696 κυριακὸν
1209 1617 1412 1702 δεῖπνον
1441 1617 1646 1699 ἐραγεῖν.
1681 1615 1964 1678 Observa
1995 1624 2320 1695 praeterea
2348 1608 2419 1675 in
2450 1616 2587 1677 cod.
2617 1617 2828 1678 varias

697 1719 1004 1783 lectiones
1066 1723 1356 1801 reperiri.
1424 1723 1481 1783 D
1501 1723 1551 1784 F
1573 1722 1628 1785 G
1683 1722 1912 1801 legunt
1971 1746 2143 1783 ουκετι
2188 1741 2300 1802 pro
2359 1745 2453 1783 ουκ
2499 1746 2660 1785 εστιν.
2723 1725 2828 1785 Me

690 1829 908 1909 judice
950 1829 1396 1908 reponendum
1430 1848 1445 1892 t
1475 1832 1569 1890 οὐκ
1597 1829 1737 1890 ἔστιν
1770 1837 1849 1899 <
1876 1833 1949 1897 εἷς
1978 1830 2039 1890 τὸ
2064 1839 2143 1900 >
2171 1828 2492 1913 κυριακόν...
2510 1877 2528 1906 ,
2558 1837 2669 1891 aut
2697 1831 2828 1892 Πίθ-

695 1935 825 1998 lius
880 1936 1106 2012 etiam,
1166 1939 1359 2000 verbo
1396 1937 1702 2020 συνέρχεσθε
1751 1937 2121 2013 subaudito,
2176 1940 2270 1997 οὐκ
2311 1940 2404 2005 εἷς
2456 1937 2525 1998 τὸ
2583 1937 2826 2020 κυριακὸν

692 2046 896 2106 δεῖπνον
929 2022 1140 2128 φαγεῖνζ
1172 2044 1336 2107 Cum
1380 2045 1646 2106 verbum
1684 2044 1999 2127 συνέρχομαι
2026 2045 2162 2125 jam
2196 2052 2290 2105 ter
2320 2052 2649 2106 exaratum
2686 2046 2824 2107 fue-

693 2153 779 2214 rit
805 2155 885 2230 (v.
926 2152 1030 2230 17,
1068 2153 1177 2229 18,
1213 2152 1345 2230 20),
1380 2152 1590 2213 omitti
1634 2151 1819 2214 nullo
1847 2151 2087 2214 damno
2130 2160 2392 2231 poterat.
2429 2154 2823 2232 Frequentes

694 2268 846 2322 sunt
872 2259 1325 2341 hujuscemodi
1363 2258 1643 2339 ellipses.
1682 2258 1984 2321 Ceterum
2028 2259 2270 2338 ellipsis
2318 2277 2509 2321 causa
2548 2260 2822 2322 mendae

694 2375 878 2430 esset.
903 2368 997 2429 Ac
1028 2368 1320 2430 restituto
1349 2367 1548 2429 semel
1574 2374 1740 2428 textu
1769 2366 2093 2445 verboque
2114 2366 2421 2450 συνέρχεσθε
2451 2368 2816 2443 subauditO,

692 2475 1080 2551 constructio
1105 2492 1268 2536 vers.
1296 2476 1330 2534 2
1362 2475 1828 2538 constructioni
1853 2493 2018 2536 vere.
2048 2473 2123 2538 33
2156 2476 2588 2554 responderet.

770 2583 1252 2663 Interpretatio,
1280 2601 1445 2663 quae
1477 2582 1859 2662 plerumque
1891 2582 1968 2643 de
1998 2583 2132 2658 XI,
2174 2584 2247 2644 27
2281 2585 2488 2660 datur,
2526 2583 2723 2644 efficit
2752 2593 2822 2645 ut

691 2689 879 2752 Pauli
910 2691 1101 2753 verba
1137 2691 1408 2753 omnino
1449 2690 1859 2753 cohaerentia
1898 2699 2089 2770 atque
2135 2690 2364 2753 ordine
2403 2700 2686 2753 careant.
2735 2693 2814 2753 In
2884 2760 2889 2765 ,

688 2817 749 2860 v.
781 2797 959 2861 23-26
984 2798 1171 2860 modo
1193 2797 1274 2859 de
1301 2797 1469 2860 bono
1498 2814 1735 2859 coenae
1768 2816 1890 2858 usu
1917 2798 2154 2874 agitur.
2179 2798 2260 2859 V.
2288 2798 2359 2857 27
2389 2798 2505 2877 qui
2530 2817 2815 2861 summa-

687 2906 861 2966 rium
877 2905 1112 2967 horum
1136 2925 1193 2964 v.
1213 2905 1466 2966 videtur
1481 2903 1695 2984 (ὥστε),
1720 2904 1799 2965 de
1814 2903 2088 2981 indigna
2105 2906 2594 2984 participatione
2615 2904 2816 2984 loqui-

692 3021 795 3075 tur
810 3013 887 3075 de
908 3031 1034 3092 qua
1061 3029 1189 3075 non
1208 3011 1405 3101 locuti
1428 3020 1599 3073 sunt.
1621 3010 2009 3091 Regreditur
2027 3031 2086 3074 v.
2103 3011 2180 3072 28
2204 3013 2283 3072 ad
2306 3012 2551 3073 bonum
2582 3029 2818 3074 coenae

689 3139 904 3184 usum.
943 3122 1030 3183 At
1059 3139 1117 3181 v.
1153 3121 1226 3182 29
1263 3138 1358 3199 sq.
1392 3120 1630 3181 iterum
1660 3120 1738 3182 de
1768 3120 2558 3199 indigna-participatione
2596 3119 2818 3198 dispu-

690 3238 844 3292 tant.
880 3232 1219 3291 Praeterea
1252 3229 1637 3307 significatio
1671 3247 1835 3309 quae
1870 3229 2009 3290 voci
2043 3227 2209 3296 οὕτως
2250 3228 2339 3309 (v.
2377 3228 2480 3308 28)
2512 3228 2819 3290 tribuitur

688 3339 790 3400 vix
821 3337 1079 3399 defendi
1101 3344 1339 3417 potest:
1366 3359 1396 3392 «
1420 3345 1482 3398 et
1504 3336 1615 3411 sic,
1645 3354 1876 3414 panem
1909 3335 2100 3397 illum
2132 3336 2347 3398 edat...
2377 3358 2434 3411 »,
2459 3336 2649 3415 quasi
2677 3353 2813 3398 om-

689 3464 835 3522 neS‚
864 3453 1005 3525 post
1044 3445 1144 3506 sui
1184 3442 1695 3522 recognitionem
1721 3492 1734 3519 ‚
1775 3444 2134 3505 necessario
2163 3462 2236 3505 ac
2282 3445 2467 3523 quasi
2509 3444 2811 3519 fataliter,

687 3554 894 3634 utique
936 3570 1203 3616 coenam
1252 3553 1636 3631 participare
1683 3552 2030 3613 deberent!
2079 3552 2374 3621 Sensum,
2406 3571 2464 3614 v,
2521 3551 2685 3619 οὕτως
2735 3552 2813 3614 da

688 3680 881 3740 quem
908 3662 977 3722 in
1009 3660 1329 3741 plerisque
1353 3659 1660 3737 epistulae
1687 3665 1940 3721 nostrae
1960 3659 2132 3722 locis
2154 3658 2260 3739 (cf.
2295 3660 2476 3733 VIII,
2511 3661 2584 3720 12
2606 3677 2813 3721 exem·

684 3770 772 3851 pli
809 3768 1026 3849 causa)
1062 3777 1326 3847 usurpat
1366 3792 1378 3828 :
1415 3785 1447 3827 t
1485 3767 1561 3827 Et
1591 3767 1735 3827 edat
1765 3767 1878 3839 sic,
1916 3767 2263 3828 manducet
2290 3766 2372 3828 ad
2406 3766 2582 3828 hunc
2618 3785 2811 3846 quem

685 3880 822 3940 dixi
853 3878 1193 3939 modum...
1237 3900 1263 3931 ³>
1301 3878 1397 3937 Ita
1429 3893 1617 3946 sane,
1652 3875 1762 3935 sed
1794 3891 2076 3952 quonam
2107 3874 2342 3936 modo?
2374 3874 2457 3935 Ni
2489 3874 2706 3949 fallor,
2742 3877 2811 3936 in

686 4006 744 4046 v.
787 3988 859 4047 27
903 3983 1353 4049 subdistinctio
1394 3983 1565 4043 inter
1596 3981 1772 4064 κυρίου
1803 3991 1863 4041 et
1905 3980 2128 4051 ἀναξίως
2160 3983 2565 4060 reponenda,
2604 3991 2664 4043 et
2700 4000 2812 4062 pro

684 4093 906 4164 ἀναξίως
926 4092 1139 4169 legere
1160 4089 1222 4150 ἂν
1241 4090 1348 4171 (=
1366 4089 1480 4170 ἐὰν)
1503 4089 1660 4161 ἀξίως
1688 4109 1700 4150 :
1735 4115 1759 4144 ι
1788 4090 1883 4150 Ita
1908 4089 2300 4167 quicumque
2325 4088 2812 4150 manducaverit

683 4219 916 4280 panem
950 4199 1127 4259 hunc
1155 4197 1257 4258 vel
1292 4198 1525 4258 biberit
1554 4196 1819 4258 calicem
1854 4194 2153 4270 Domini,
2196 4196 2250 4255 si
2296 4197 2811 4275 (manducaverit

683 4308 785 4369 vel
815 4306 1069 4387 biberi-t)
1106 4307 1332 4383 digne,
1367 4305 1816 4380 adhaerescet,
1860 4304 2267 4382 colligabitur
2290 4305 2536 4383 corpori
2568 4313 2630 4366 et
2659 4323 2807 4367 san-

682 4416 870 4497 guini
888 4415 1175 4492 Domini,
1194 4432 1342 4476 cum
1369 4413 1583 4498 iisque
1598 4433 1767 4477 unus
1789 4415 1976 4475 erit.»
2015 4413 2095 4474 In
2122 4411 2415 4495 epistulis
2442 4412 2633 4476 Pauli
2657 4432 2807 4478 nus-
