3559 5609
840 853 903 904 42
1823 850 1918 910 lv,
1954 851 2001 902 2.

842 971 953 1033 ubi
1002 967 1238 1046 legitur
1276 986 1335 1029 v.
1372 969 1464 1029 καί
1499 968 1669 1047 quod
1712 985 1843 1030 uon
1890 968 2127 1030 habent
2169 967 2306 1031 cod.
2345 985 2554 1046 graec.
2591 966 2703 1030 lat.
2759 969 2969 1048 Repo-

844 1078 971 1140 suit
1014 1077 1222 1139 scriba
1261 1076 1434 1137 verb.
1478 1100 1528 1135 τι
1576 1085 1714 1155 post
1750 1075 1933 1137 λοιπόν
1963 1080 2059 1161 (ιι)
2096 1095 2109 1138 :
2153 1076 2322 1157 quod
2352 1076 2453 1138 bis
2496 1076 2584 1137 ita
2624 1075 2973 1155 repositum

846 1193 998 1265 fuit,
1034 1192 1088 1254 si
1122 1192 1235 1253 tibi
1270 1209 1398 1254 non
1432 1192 1768 1272 displiceat
1794 1193 1856 1253 τὸ
1884 1192 1976 1253 καί
2003 1192 2085 1253 ad
2115 1191 2290 1254 hunc
2321 1209 2515 1271 quem
2551 1191 2680 1254 dici
2714 1191 2974 1254 modum

846 1299 919 1361 in
955 1319 1013 1361 v.
1054 1299 1089 1360 5
1125 1318 1510 1379 expungere.

927 1408 1016 1471 Ut
1045 1416 1114 1470 ut
1146 1408 1231 1469 sit
1263 1425 1395 1483 reti,
1430 1408 1748 1487 superfuit
1787 1408 1856 1468 in
1902 1414 2072 1469 textu
2115 1411 2189 1470 ιδε
2221 1411 2478 1469 λοιπον...
2519 1410 2793 1471 Litterae
2825 1435 2840 1469 ι
2871 1426 2904 1470 e
2933 1432 2979 1468 ω

847 1532 1032 1595 saepe
1078 1514 1346 1577 confusa
1393 1524 1546 1575 sunt
1589 1513 1810 1596 (Bast).
1854 1516 2130 1594 Insuper
2168 1534 2314 1577 cum
2363 1516 2609 1578 scribae
2654 1516 2724 1577 in
2774 1517 2981 1595 primo

847 1640 1033 1684 versu
1071 1639 1301 1685 -vocem
1341 1621 1509 1690 οὕτως
1549 1641 1755 1703 nuper
1792 1623 2138 1699 vidissent,
2176 1623 2349 1684 idem
2394 1632 2581 1703 atque
2615 1622 2718 1684 ὦδε
2756 1622 2979 1685 volen-

850 1736 1014 1806 tem,
1048 1746 1177 1790 non
1219 1729 1481 1791 mireris
1515 1746 1629 1790 cur
1662 1729 1871 1807 figura
1921 1733 1994 1790 ιδε
2034 1747 2198 1809 quae
2236 1730 2516 1808 intelligi
2558 1747 2688 1791 nou
2732 1737 2977 1810 posset,

848 1837 1012 1899 facta
1047 1836 1242 1899 fuerit
1283 1836 1406 1899 ὦδε.
1452 1837 1681 1902 Postea
1710 1837 1920 1898 scriba
1950 1837 2212 1918 quidam
2247 1845 2488 1899 textum
2521 1836 2892 1899 emendavit
2922 1844 2985 1897 et

847 1945 1102 2024 scripsit
1136 1964 1150 2007 ε
1185 1943 1319 2005 ὃδέ.
1356 1946 1559 2006 Locus
1602 1945 1694 2006 ita
1723 1946 2057 2007 restitutus
2096 1945 2454 2007 orationem
2498 1945 2754 2025 praebet
2793 1961 2982 2022 expe-

849 2050 1050 2113 ditam
1084 2060 1145 2113 et
1174 2050 1360 2113 facile
1390 2051 1813 2114 diffluentem.

1799 2309 1928 2385 IV,
1978 2309 2035 2371 3.

927 2553 1053 2627 Qui
1083 2553 1156 2614 in
1195 2552 1265 2616 h.
1299 2553 1343 2613 l.
1377 2553 1411 2626 ἤ
1454 2559 1714 2614 vertunt
1751 2560 1863 2615 aut
1899 2569 2029 2614 non
2079 2550 2461 2628 intelligunt
2497 2568 2695 2631 quare
2744 2549 2986 2622 Paulus

848 2658 1139 2741 ἀνθρωπίνη
1178 2657 1350 2741 ἡμέρα
1399 2668 1880 2722 commemoret.
1925 2658 2171 2721 Censeo
2200 2660 2271 2719 in
2310 2659 2345 2731 ἤ
2375 2656 2760 2737 particulam
2804 2674 2986 2719 com-

849 2765 1200 2844 parationis
1231 2764 1424 2827 latere
1454 2766 1713 2844 quaein
1746 2766 1833 2827 N.
1869 2767 1941 2827 T.
1979 2766 2200 2827 crebro
2235 2771 2578 2846 usurpatur
2604 2813 2617 2840 ‚
2650 2782 2981 2844 compara-

853 2873 982 2936 tivo
1021 2873 1213 2934 etiam
1252 2889 1383 2935 non
1424 2872 1844 2935 antecedente
1892 2873 2001 2953 (cs.
2046 2872 2337 2934 Gramm.
2388 2891 2513 2935 von
2580 2870 2823 2952 Winer)
2874 2871 2982 2951 (1).

852 2980 1071 3043 Minus
1104 2980 1298 3042 etiam
1330 2989 1512 3042 curat
1544 2980 1788 3043 Paulus
1820 2999 1889 3043 se
1915 3000 1952 3043 a
1979 2981 2350 3043 christianis
2392 2997 2587 3060 quam
2635 2998 2672 3041 a
2723 2981 2985 3060 paganis

844 3089 1160 3169 J'udicaril
1218 3089 1307 3150 Ex
1356 3106 1483 3169 quo
1522 3089 2040 3169 perspiciendum
2091 3097 2183 3150 est
2232 3105 2427 3167 quam
2479 3086 2754 3147 minime
2792 3085 2985 3147 illum

852 3204 1063 3257 movet
1090 3214 1128 3256 a
1157 3195 1530 3258 christianis
1560 3195 1915 3258 Corinthiis
1940 3195 2262 3276 Judioari!
2301 3196 2382 3255 In
2421 3194 2522 3254 his
2556 3213 2618 3255 v,
2652 3193 2806 3256 ordo
2840 3192 2982 3273 qui-

853 3295 1003 3364 dam
1035 3303 1355 3364 honorum
1384 3302 1711 3368 iudicatur
1741 3311 1825 3377 et,
1858 3310 1926 3364 ut
1959 3303 2049 3363 ita
2077 3301 2736 3378 dicam‚'dignitatum
2771 3301 2841 3360 in
2875 3300 2985 3361 tri-

853 3408 1076 3472 bunali
1147 3410 1373 3487 gradu.
1451 3410 1697 3487 Pagani
1768 3409 1983 3469 infimi
2055 3408 2305 3489 judices
2378 3417 2560 3483 sunt3
2629 3407 2984 3470 Christiani

857 3517 1211 3593 Corinthii,
1248 3517 1773 3597 quandoquidem
1803 3534 2082 3596 paganos
2101 3516 2393 3597 judicare
2423 3517 2731 3591 debeant,
2763 3533 2988 3578 secun-

856 3624 1015 3686 dum
1075 3624 1289 3686 locum
1346 3624 1677 3699 obtinent3
1738 3624 2007 3703 insuper
2072 3623 2391 3703 apostolus
2433 3620 2710 3704 (ἀλλὀὒδὲ
2760 3622 2986 3702 ἐμαυτὸν

856 3729 1143 3815 ἀνακρίνω)
1169 3758 1186 3807 ;
1219 3732 1288 3792 in
1319 3731 1574 3809 fastigio
1603 3731 1887 3810 denique
1912 3777 1927 3805 ‚
1956 3730 2148 3814 κύριος.
2184 3765 2259 3775 -
2285 3732 2430 3793 Non
2466 3738 2559 3817 est
2586 3748 2700 3791 cur
2733 3731 2984 3791 mireris

857 3837 1136 3899 Paulum
1167 3839 1255 3899 ita
1297 3836 1740 3924 auctoritatem
1772 3855 1955 3899 suam
1988 3836 2289 3900 extollere
2315 3885 2329 3913 ,
2365 3845 2700 3917 postquam
2748 3854 2815 3898 se
2860 3835 2980 3899 Co-

918 4134 985 4198 (1)
1014 4105 1424 4197 Superlativfim
1459 4138 1643 4183 autem
1672 4134 1927 4198 ἐλάχιστος
1967 4146 2066 4195 pro
2112 4131 2352 4194 positivo
2384 4130 2574 4179 haberi
2603 4129 2881 4193 potuisse,
2916 4142 2985 4178 ex

857 4222 951 4271 illo
980 4223 1220 4286 pellucet
1267 4223 1415 4286 quod
1457 4223 1663 4273 Paulus
1707 4222 2145 4285 comparativum
2179 4221 2551 4290 ἐλαχιστὸτερος
2592 4218 2768 4282 (Eph.,
2802 4217 2907 4278 ΙΙΙ,
2934 4217 2981 4277 8)

856 4319 1104 4378 usurpat.
1138 4341 1200 4351 -
1229 4315 1309 4364 De
1339 4329 1451 4364 non
1483 4314 1828 4363 absimilibus
1865 4311 2254 4375 comparativis
2286 4310 2353 4359 cf.
2390 4310 2417 4359 3
2448 4309 2593 4368 Joh„
2624 4324 2677 4359 v.
2712 4308 2740 4357 4
2777 4322 2787 4356 :
2823 4312 2984 4372 μειζο-

857 4407 1025 4474 τέραν,
1056 4420 1168 4456 non
1200 4421 1229 4456 e
1260 4406 1600 4470 superlativo
1632 4405 1885 4468 quidem,
1919 4402 2016 4451 sed
2049 4416 2078 4451 e
2113 4401 2488 4466 comparativo
2518 4400 2730 4464 (μείζων)
2756 4401 2981 4450 factum.
