3559 5609
825 790 887 839 78
1725 790 1859 854 vu,
1879 790 2065 841 ·1s-24.

826 913 942 969 est.
990 905 1161 967 Nam
1202 906 1318 985 qui
1355 923 1580 969 servus
1619 906 1890 989 (civilis)
1943 915 2207 969 vocatus
2255 913 2350 969 est
2396 907 2468 968 in
2505 906 2599 988 (1)
2640 907 2954 983 Domin0‚

822 1012 1097 1076 libertus
1124 1011 1541 1094 (spiritualis)
1571 1019 1666 1077 est
1693 1014 1987 1076 Domini.
2026 1038 2054 1070 n

905 1122 983 1184 In
1025 1115 1139 1185 illo
1181 1120 1542 1200 fragmento
1578 1123 1748 1184 inter
1786 1126 2144 1184 servitutem
2183 1120 2421 1184 civilem
2462 1128 2525 1185 et
2572 1122 2957 1201 spiritualem

822 1228 1158 1293 libertatem
1195 1230 1511 1308 oppositio
1555 1237 1825 1293 constat.
1859 1231 2056 1292 Nunc
2089 1231 2602 1309 integerrimam,
2640 1232 2707 1292 in
2744 1238 2955 1309 poste-

822 1336 993 1398 riore
1020 1336 1382 1414 fragmento
1406 1384 1420 1410 ‚
1456 1336 1826 1400 videbimus
1856 1338 2330 1417 symmetriam,
2364 1339 2429 1401 id
2466 1346 2561 1401 est
2600 1338 2954 1417 oppositio-

822 1460 971 1506 nem
1002 1460 1169 1524 quae
1200 1444 1370 1507 inter
1401 1442 1737 1508 libertatem
1764 1443 2006 1508 civilem
2031 1452 2279 1509 constat
2311 1453 2372 1509 et
2404 1443 2793 1527 spiritualem
2820 1462 2955 1508 ser-

819 1550 1086 1614 vitutem.

901 1656 1195 1722 Alterum
1223 1660 1663 1738 fragmentum
1698 1684 1712 1721 ι
1750 1659 1967 1722 22b-24
2003 1679 2019 1723 ι

903 1790 932 1822 «
966 1765 1287 1830 Similiter
1313 1768 1425 1847 qui
1461 1768 1626 1830 liber
1655 1767 1915 1847 (civilis)
1940 1775 2201 1830 vocatus
2229 1774 2348 1841 est,
2380 1784 2605 1830 servus
2625 1767 2952 1848 (spiritua-

817 1874 927 1952 lis)
962 1881 1058 1938 est
1088 1875 1358 1939 Christi.
1386 1876 1600 1939 Pretio
1630 1877 1829 1955 empti
1862 1876 2037 1951 estis,
2073 1876 2274 1938 nolite
2304 1876 2445 1938 fieri
2477 1876 2642 1938 servi
2670 1873 2954 1957 (civiles)

817 1980 1199 2058 hominum,
1242 1983 1289 2043 i.
1335 1999 1393 2045 e.
1438 1988 1717 2046 vestram
1767 1987 1852 2045 n'e
1889 1983 2154 2045 mutetis
2200 1986 2416 2059 κλῆσιν,
2448 1982 2641 2045 liberi
2673 1980 2954 2063 (civiles)

814 2083 1093 2151 manete.
1133 2110 1164 2144 »

897 2195 1124 2275 Itaque
1151 2195 1307 2258 hinc
1335 2194 1447 2258 ille
1474 2197 1591 2276 qui
1622 2213 1849 2259 servus
1881 2195 2145 2278 (civilis)
2174 2203 2289 2273 est,
2327 2197 2407 2258 de
2439 2213 2558 2259 sua
2586 2196 2766 2258 civili
2796 2213 2950 2258 con-

815 2302 1064 2366 ditione
1095 2304 1250 2382 angi
1280 2320 1411 2366 non
1447 2304 1654 2378 debet,
1684 2305 1754 2365 in
1785 2322 1859 2367 ea
1890 2305 2094 2383 igitur
2121 2321 2386 2367 manere
2419 2310 2663 2367 contra.
2696 2297 2864 2365 Nam
2893 2303 2951 2366 si

816 2428 1042 2474 servus
1068 2410 1341 2496 (civilis)
1368 2419 1484 2487 est,
1517 2412 1792 2475 libertus
1820 2411 2230 2492 (spiritualis)
2254 2428 2513 2491 quoque
2538 2417 2633 2473 est
2658 2408 2945 2491 (20-22a).

896 2517 1091 2581 minc
1116 2518 1179 2580 is
1203 2518 1327 2597 qui.
1347 2518 1516 2581 liber
1543 2517 1816 2600 (civilis)
1844 2526 1960 2596 est,
1994 2518 2438 2582 conditionem
2471 2534 2659 2580 suam
2689 2516 2947 2579 civilem

814 2631 1066 2686 mutare
1099 2640 1231 2687 non
1266 2624 1472 2687 debet.
1514 2625 1686 2687 Nam
1719 2626 1776 2687 si
1806 2624 1974 2687 liber
2003 2624 2277 2706 (civilis)
2306 2633 2438 2702 est,
2469 2641 2696 2689 servus
2726 2622 2947 2704 (spiri-

816 2731 1036 2813 tualis)
1066 2738 1161 2794 est
1185 2729 1485 2812 (2212-24).
1556 2743 1563 2747 ·

891 2837 1148 2919 Optime
1174 2840 1303 2902 sibi
1333 2839 1618 2902 invicem
1650 2859 1711 2902 v,
1750 2841 1821 2903 21
1858 2847 1919 2904 et
1950 2840 2024 2904 23
2059 2841 2468 2921 respondent.
2512 2839 2825 2903 Necessse
2852 2844 2952 2901 est

809 2954 1025 3012 tamen
1063 2965 1264 3011 novas
1298 2948 1759 3027 explicationes
1789 2948 2129 3029 adda-mus,

891 3056 1564 3120 Animadvertendum
1595 3064 1689 3120 est
1740 3056 2021 3119 Paulum
2053 3057 2244 3119 modo
2287 3056 2496 3120 obiter
2527 3069 2944 3118 communem

810 3165 1201 3227 sententiam
1230 3163 1311 3224 ad
1341 3180 1443 3226 res
1487 3163 1855 3242 singulares
1886 3163 2373 3225 accommodare
2412 3163 2491 3224 de
2533 3161 2778 3241 quibus
2810 3176 2944 3221 non

808 3273 1151 3350 praecipue
1213 3287 1583 3332 sermonem
1632 3269 1806 3332 fecit.
1856 3270 2044 3332 Hanc
2089 3287 2506 3333 communem
2556 3268 2944 3331 sententiam

809 3391 1352 3453 commemorans,
1387 3375 1559 3437 nihil
1605 3376 1786 3439 aliud
1821 3376 2025 3440 voluit
2054 3395 2254 3456 quam
2295 3376 2477 3437 illam
2526 3373 2943 3436 matrimonio

806 3485 1312 3548 accommodare.
1349 3483 1642 3547 Servitus
1672 3492 1731 3548 et
1771 3485 2067 3558 libert-as,
2105 3486 2273 3548 sicut
2301 3484 2716 3547 circumcisio
2748 3490 2807 3545 et
2836 3482 2942 3542 in-

808 3592 1253 3667 circumcisiO,
1304 3591 1579 3671 exempli
1627 3609 1823 3655 causa
1874 3598 2124 3654 tantum
2165 3592 2550 3653 afferuntur.
2599 3592 2686 3650 At
2736 3587 2941 3650 Paulo

807 3699 1160 3763 consilium
1192 3716 1323 3761 non
1355 3704 1451 3761 est
1484 3700 1562 3761 de
1593 3698 1700 3761 his
1734 3699 1977 3761 directo
2007 3706 2199 3777 atque
2229 3696 2521 3760 absolute
2550 3695 2934 3758 disserendi.

806 3808 902 3870 De
944 3805 1362 3869 matrimonio
1405 3805 1690 3885 disputat
1735 3813 1796 3868 et
1831 3807 1909 3869 de
1953 3806 2087 3868 illis
2120 3823 2287 3885 quae
2329 3806 2410 3866 ad
2445 3802 2940 3865 matrimonium

805 3920 1113 3994 spectant.
1165 3913 1392 3994 Itaque
1440 3913 1820 3977 mirandum
1863 3930 1996 3976 non
2049 3920 2166 3989 est,
2218 3913 2277 3976 si
2327 3912 2574 3975 Paulus
2610 3908 2940 3974 servitutis

870 4268 938 4333 (1)
976 4268 1090 4318 Aut
1127 4267 1315 4331 potius
1355 4281 1387 4315 a
1427 4266 1687 4317 Domino·
1734 4236 1759 4311 ξ(
1804 4267 1857 4315 ἐν
1888 4278 1935 4316 c.
1969 4264 2079 4313 dat.
2118 4277 2419 4328 personae,
2456 4263 2493 4314 i.
2524 4278 2579 4325 q.
2618 4259 2841 4323 adjutus
2870 4257 2938 4307 ab

803 4355 1009 4421 alique,
1044 4357 1380 4417 interventu,
1413 4369 1582 4419 opera
1606 4355 1861 4416 alicujus,
1884 4367 1983 4418 per
2007 4352 2263 4415 aliquem.
2294 4369 2320 4401 »
2346 4350 2632 4415 (Grimm.)
