3559 5609
1487 834 1589 898 x1‚
1629 834 1799 888 16-34.
2622 832 2714 887 ¹0⁹

574 949 781 1032 pillo‘?
825 952 1003 1014 Num
1036 951 1193 1015 foris
1232 950 1496 1014 demum
1525 1000 1540 1026 ,
1585 952 1655 1013 in
1698 950 1972 1031 publicis
2002 950 2460 1024 conventibuS,
2495 948 2712 1031 capilli

441 1134 452 1143 ,
573 1074 687 1138 pro
712 1058 1012 1121 flammeo
1046 1058 1105 1121 ei
1135 1059 1263 1120 dati
1298 1067 1452 1121 sunt
1477 1038 1747 1141 (ν.’15)ἳ
1777 1058 1954 1121 Num
1993 1057 2232 1121 Paulus
2266 1055 2529 1138 capillos
2558 1055 2713 1119 alie-

574 1180 692 1227 nos
739 1164 1060 1245 falsasque
1105 1182 1321 1228 comas
1364 1164 1822 1228 commendare
1863 1162 2120 1226 voluit?
2165 1196 2249 1211 —
2298 1162 2472 1226 Illud
2516 1164 2713 1226 etiam

576 1269 1067 1351 explicationem
1117 1288 1332 1333 meam
1375 1270 1654 1345 stabilit,
1704 1270 1877 1351 quod
1903 1319 1918 1348 ‚
1968 1279 2041 1333 ut
2093 1270 2282 1349 Godet
2321 1270 2459 1351 ipse
2506 1270 2710 1334 consi·

576 1385 731 1456 gnat
754 1425 769 1454 ‚
809 1377 881 1438 in
933 1393 1069 1458 cap.
1126 1376 1290 1441 XIV
1339 1376 1758 1459 prophetissae
1809 1395 2134 1458 nusquam
2182 1394 2331 1440 cum
2388 1378 2714 1460 prophetis

575 1491 1202 1565 commemorantur,
1234 1499 1604 1566 nomenque
1636 1489 1891 1569 προφῆτις
1937 1491 2151 1547 tamen
2192 1486 2262 1546 in
2302 1486 2382 1547 A.
2415 1486 2487 1548 T.
2526 1504 2712 1550 usur·

576 1591 844 1670 pabatur
875 1608 1087 1671 neque
1116 1592 1186 1653 in
1219 1590 1304 1654 N.
1339 1591 1410 1652 T.
1445 1590 1658 1672 (Luc.,
1694 1591 1785 1667 ΙΙ,
1823 1589 1921 1654 36.
1956 1593 2183 1672 Apoc.,
2218 1593 2310 1668 ΙΙ,
2339 1591 2444 1674 20)
2471 1593 2669 1657 deest.

1456 1804 1556 1867 XI
1574 1853 1590 1881 ,
1622 1804 1830 1869 16-34.
1892 1820 1905 1831 ”

658 2023 873 2086 Invito
916 2021 1143 2101 Godet,
1175 2022 1381 2103 liquet
1421 2021 1491 2084 in
1526 2021 1797 2097 συνήθειαν
1828 2022 2026 2086 latere
2059 2025 2595 2090 consuetudinem
2624 2035 2717 2090 τοῦ
2814 2062 2819 2067 ·

577 2130 949 2215 φιλόνεικος
979 2121 1132 2191 εἶναι.
1172 2129 1498 2193 Ultimum
1529 2137 1991 2208 argumentum
2023 2146 2177 2211 quo,
2215 2130 2407 2196 Godet
2429 2142 2711 2212 auctore,

579 2237 821 2300 Paulus
855 2236 1348 2318 explicationem
1390 2253 1575 2298 suam
1618 2235 1998 2299 conclusit«
2044 2256 2156 2300 sur
2195 2237 2258 2301 la
2293 2247 2486 2302 tenue
2528 2241 2608 2304 de
2651 2241 2715 2304 la

580 2338 816 2409 femme
846 2347 1008 2409 dane
1037 2344 1130 2407 les
1161 2343 1549 2407 assemhlees
1585 2341 1973 2422 religieuses
2016 2368 2074 2421 »‚
2125 2353 2435 2424 pertenue
2481 2363 2553 2408 ac
2598 2365 2711 2410 va-

580 2471 740 2514 num
772 2460 888 2516 est.
923 2452 1115 2514 Haud
1156 2460 1292 2513 erat
1340 2467 1496 2513 sane
1525 2450 1696 2532 quod
1738 2450 1986 2513 Paulus
2020 2450 2379 2515 Corinthiis
2423 2453 2663 2517 diceret
2694 2474 2709 2520 ε

578 2562 633 2620 ἐν
659 2564 783 2640 ὑμῖν
809 2558 990 2627 αὐτοῖς
1021 2557 1230 2642 κρίνατε
1259 2558 1349 2640 (v.
1398 2557 1518 2639 13),
1551 2558 1607 2620 si
1648 2576 1790 2621 rem
1832 2558 1940 2621 tali
1978 2568 2359 2638 argumento
2399 2561 2715 2626 conficere

578 2664 806 2741 vellet,
845 2666 953 2729 cui
981 2674 1265 2729 ceterum
1299 2666 1627 2730 Corinthii
1654 2683 1804 2729 cum
1835 2664 2151 2730 Canuleio
2185 2669 2574 2748 respondere
2606 2686 2712 2751 po-

578 2773 903 2836 tuissent.-
941 2797 969 2830 ιι
1010 2773 1293 2837 Nullane
1324 2791 1425 2837 res
1468 2789 1636 2836 nova
1674 2773 1934 2836 institui
1979 2773 2212 2838 debet?
2254 2781 2316 2838 et
2343 2778 2513 2855 quod
2542 2794 2741 2840 non--

580 2880 736 2943 dum
766 2880 1204 2944 estfactum...
1240 2899 1345 2957 ea,
1397 2898 1479 2942 ne
1523 2881 1578 2942 si
1630 2879 1813 2943 utilia
1854 2880 2119 2960 quidem
2155 2881 2320 2959 sint,
2354 2882 2498 2945 fleri
2527 2901 2715 2964 opor-

581 2987 707 3050 tet?
743 3012 774 3045 »
822 3021 903 3032 —
952 2986 1388 3050 Grammatica
1428 2996 1646 3050 autem
1695 2989 1881 3069 jubet
1925 3005 2112 3051 voces
2153 2988 2398 3064 τοιαύιην
2446 2991 2715 3065 συνήθειαν

580 3081 795 3159 verbis
814 3095 1025 3159 solum
1052 3094 1339 3180 φιλόνεικος
1364 3086 1496 3156 εἶναι
1521 3095 1854 3175 compleri.
1885 3127 1969 3142 —
1998 3095 2237 3158 Verum
2261 3095 2370 3158 ille
2393 3116 2452 3158 v.
2487 3095 2558 3158 16
2583 3114 2712 3161 non

580 3205 660 3268 ad
690 3221 1084 3286 praegressa,
1123 3212 1192 3267 nt
1218 3203 1601 3284 plerumque
1628 3211 1820 3283 atque
1841 3206 2036 3265 etiam
2062 3204 2233 3285 apud
2256 3203 2444 3268 Godet
2470 3207 2707 3281 evenit,

582 3313 693 3376 sed
722 3313 804 3374 ad
832 3310 1171 3392 sequentia
1199 3311 1599 3374 referendus·
1652 3309 2004 3373 Vinculum
2035 3310 2209 3392 quod
2242 3311 2416 3374 inter
2448 3328 2505 3375 v,
2547 3314 2619 3375 16
2655 3322 2717 3376 et

588 3422 656 3481 17
689 3428 976 3496 constat,
1016 3427 1144 3481 tam
1185 3420 1591 3500 perspicuum
1632 3426 1728 3481 est
1770 3427 1844 3482 ut
1887 3418 2121 3482 merito
2163 3419 2421 3483 mireris
2459 3438 2498 3483 a
2540 3438 2713 3484 com-

583 3526 1052 3590 mentatoribus
1085 3543 1214 3589 non
1240 3526 1652 3589 observatum
1678 3526 1901 3589 fuisse.
1942 3524 2306 3607 Utcumque
2332 3526 2521 3589 illum
2552 3547 2612 3592 v,
2644 3529 2715 3590 17

585 3633 793 3714 legas,
833 3632 1225 3713 significabit
1259 3658 1271 3694 ι
1309 3633 1362 3695 si
1393 3634 1576 3697 vohis
1607 3633 1722 3696 illa
1753 3634 1896 3696 dico
1926 3651 2093 3714 quae
2130 3633 2204 3694 in
2229 3652 2289 3695 v.
2329 3633 2399 3695 16
2429 3634 2610 3714 dixi,
2642 3635 2715 3696 in

559 3759 660 3810 ,ea
687 3739 1006 3804 sententia
1033 3739 1177 3802 dico
1206 3747 1278 3802 ut
1312 3740 1578 3802 modum
1613 3739 1973 3820 vituperem
2004 3756 2132 3819 quo
2173 3741 2245 3802 in
2288 3741 2716 3804 conventibus

584 3847 812 3911 vestris
863 3864 975 3910 vos
1017 3847 1275 3925 geratis,
1324 3847 1471 3908 Mea
1508 3846 1952 3927 interpretatio
1997 3846 2207 3910 solum
2254 3847 2554 3929 explanat
2584 3849 2713 3911 ini-

584 3955 750 4019 tium
778 3975 840 4018 v.
879 3956 948 4017 17
984 3980 997 4016 :
1030 3961 1183 4016 τοῦτο
1213 3954 1302 4036 (1)
1330 3952 1385 4015 δὲ
1413 3953 1797 4037 παραγγέλλων
1818 3953 1959 4036 (aut
1982 3953 2385 4038 παραγγέλλω).
2420 3956 2605 4031 Quod
2634 3956 2715 4019 ad

647 4224 713 4287 (1)
743 4223 1134 4286 Interpretatio
1174 4224 1345 4272 Godet
1386 4223 1569 4299 minus
1612 4222 1863 4273 succedit
1900 4223 1961 4273 in
1998 4236 2138 4273 voce
2176 4229 2326 4274 τοῦτο
2369 4224 2714 4288 explicanda.

587 4311 751 4373 Quod
780 4312 889 4362 ista
916 4310 1239 4376 paraphrasi
1270 4309 1563 4375 dijudicari
1595 4317 1780 4376 potest
1810 4326 1821 4361 ε
1854 4327 1879 4360 (ι
1911 4311 2056 4362 Tout
2095 4324 2165 4362 en
2198 4326 2341 4363 vous
2371 4325 2718 4366 recomman-

587 4400 720 4451 dant
759 4401 1109 4464 simplement
1146 4399 1215 4452 de
1255 4401 1401 4452 tenir
1443 4394 1661 4465 compte
1706 4402 1774 4451 de
1813 4401 1866 4452 la
1913 4400 2187 4453 direction
2230 4415 2339 4466 que
2376 4402 2432 4465 je
2460 4403 2619 4458 viena
2649 4403 2719 4455 de
