3559 5609
887 888 945 936 34
1831 888 1936 946 111,
1981 890 2080 939 1-4.

888 1025 1102 1086 parem
1137 1024 1273 1066 esse
1295 1050 1310 1076 ‚
1343 1022 1536 1082 quani
1570 1006 1761 1066 verbo
1790 1005 1969 1079 νήπιος
2008 1023 2328 1085 opponere
2367 1005 2624 1083 licebit;
2670 1008 2777 1070 hic
2813 1008 3010 1087 igitur

873 1114 1054 1175 idem
1081 1113 1344 1194 ἄνθρωπος
1365 1120 1554 1189 atque
1579 1111 1775 1180 τέλειος
1809 1113 2134 1175 valebunt.
2164 1112 2267 1175 llli
2296 1114 2810 1194 interpretationi
2842 1117 3012 1179 vocis

884 1221 1157 1304 ἄνθρωπος
1187 1226 1516 1281 contextus
1558 1218 1746 1280 favet.
1784 1220 1861 1281 In
1905 1220 2038 1282 illis
2078 1238 2244 1301 quae
2293 1222 2497 1285 Paulo
2539 1222 2860 1286 Corinthii
2903 1242 3012 1286 ex-

884 1326 1223 1407 probrant,
1258 1324 1373 1385 tria
1400 1332 1552 1386 sunt
1579 1324 1860 1386 crimina
1895 1350 1906 1386 :

970 1434 1022 1496 ί.
1082 1433 1429 1512 Imperitus
1498 1431 1657 1493 adeo
1720 1433 1916 1495 fuerit
1969 1434 2245 1512 Paulus,
2309 1444 2379 1499 ut
2439 1436 2850 1516 compellaret
2906 1454 3011 1500 eos

880 1540 1148 1622 perinde
1186 1557 1258 1601 ac
1303 1539 1361 1600 si
1408 1538 1609 1622 σάρκιν.
1658 1549 1892 1601 essent.
1927 1575 2006 1586 —-
2045 1541 2305 1603 Dictum
2348 1544 2474 1605 fuit
2516 1544 2826 1620 Paulum,
2861 1561 3010 1607 cum
3107 1569 3116 1576 ·

875 1650 1012 1729 jam
1047 1648 1427 1727 sapientiam
1460 1664 1613 1708 suae
1648 1646 2084 1709 institutionis
2118 1647 2237 1731 (II,
2271 1651 2306 1711 6
2338 1650 2464 1732 sq.)
2494 1651 2873 1727 defenderit,
2905 1652 3010 1715 hic

883 1762 1131 1818 tantum
1161 1754 1548 1834 respondere
1579 1781 1593 1815 ε
1632 1753 1708 1814 ἔτι
1737 1755 1978 1838 σαρκικοί
2007 1743 2148 1818 ἐστι.

962 1864 1020 1925 2.
1054 1862 1296 1924 Paulus
1332 1861 1600 1942 insuper
1628 1860 1986 1925 Corinthiis
2020 1862 2118 1926 lac
2150 1873 2369 1945 potum
2399 1865 2677 1943 dederit,
2708 1868 2894 1947 quasi
2922 1867 3009 1941 νή-

878 1994 989 2032 πιοι
1020 1971 1074 2031 ἐν
1101 1972 1316 2054 Χριστῷ
1350 1974 1583 2030 essent.

961 2078 1020 2142 3.
1063 2075 1304 2140 Paulus
1345 2075 1626 2155 denique
1667 2075 1993 2138 inscitiam
2028 2076 2514 2143 Corinthiorum
2553 2083 2899 2162 spreverit,
2929 2116 3010 2130 —

879 2184 1299 2267 quamobrem
1331 2180 1533 2244 Paulo
1562 2192 1964 2244 succensent.
2000 2186 2190 2247 Forte
2220 2187 2429 2265 magis
2460 2188 2867 2268 suspicantur
2895 2191 3007 2253 Co-

878 2291 1112 2355 rinthii
1148 2289 1427 2352 Paulum
1463 2288 1777 2368 sprevisse
1806 2290 2137 2353 inscitiam
2164 2292 2369 2370 illam,
2393 2313 2590 2375 quam
2616 2296 3011 2360 audiverunt

879 2406 1312 2480 spernentem.
1366 2395 1520 2479 (Sed
1571 2396 1684 2458 ubi
1738 2382 2025 2476 primum
2079 2401 2455 2463 enuntiatur
2505 2420 2579 2465 ea
2631 2403 2921 2478 inscitia,
2972 2422 3007 2465 a

879 2506 1082 2571 Paulo
1113 2504 1528 2567 vehementer
1558 2503 1970 2565 contenditur
1996 2505 2158 2585 (ΙΙΙ,
2196 2506 2328 2589 26.)
2607 2495 2616 2502 ⁸

959 2617 1183 2695 Itaque
1213 2631 1248 2675 e
1280 2611 1482 2674 tribus
1526 2609 1661 2672 illis
1701 2612 2086 2675 criminibus
2109 2661 2123 2688 ,
2162 2615 2289 2678 duo
2318 2626 2469 2678 sunt
2500 2617 2735 2696 quibus
2769 2619 3006 2680 Paulus
3099 2588 3106 2594 ”

877 2721 1258 2803 respondeat
1276 2718 1587 2802 (primum
1608 2736 1681 2780 ac
1705 2719 2015 2799 tertium).
2046 2721 2281 2785 Nonne
2301 2723 2664 2787 existimare
2685 2724 2834 2788 licet
2857 2743 3002 2787 eum

878 2829 1159 2895 secundo
1189 2844 1442 2908 quoque
1476 2826 1931 2906 respondisse?

957 2940 1186 3001 Forma
1237 2937 1375 3015 ipsa
1423 2934 1665 3015 periodi
1724 2934 1844 2997 hoc
1902 2936 2303 3017 expostulare
2358 2938 2631 3001 videtur.
2686 2939 2897 3014 Quam
2951 2939 3004 3000 si

872 3046 1062 3129 paulo
1111 3044 1417 3106 attentius
1467 3041 1763 3121 inspicis,
1801 3060 2059 3105 mecum
2092 3043 2331 3107 scribes
2366 3044 2442 3104 ἔτι
2476 3070 2545 3105 τε
2587 3046 2826 3129 σαρκικοί
2859 3048 2998 3106 ἐστε.

867 3139 1028 3236 (ὅπου
1054 3152 1171 3234 γὰρ
1201 3156 1254 3211 ἐν
1282 3155 1405 3230 ὑμῖν
1433 3182 1513 3195 --·
1542 3147 1782 3231 σαρκικοί
1819 3149 1938 3209 ἐστε
1963 3150 2010 3228 ;·)
2042 3149 2147 3210 καὶ
2179 3150 2316 3212 κατὰ
2350 3151 2617 3235 ἄνθρωπον
2644 3162 2997 3235 περιπατεῖτε.

870 3262 1019 3343 (ὅταν
1046 3260 1165 3342 γὰρ
1193 3259 1323 3340 λέγῃ
1348 3292 1427 3303 --
1454 3260 1548 3317 οὐκ
1576 3256 1838 3338 ἄνθρωποί
1866 3261 1986 3317 ἐστε
2007 3257 2055 3337 3)
2091 3257 2483 3338 symmetria
2514 3259 2876 3321 manifesta.

950 3369 1100 3429 Tria
1129 3364 1374 3446 periodi
1407 3365 1695 3426 membra
1725 3363 1845 3424 οὔτε
1876 3376 2069 3440 νῦν...,
2109 3365 2185 3425 ἔτι
2213 3390 2373 3443 vem,
2405 3367 2496 3427 καὶ
2534 3367 2746 3429 κατά...
2783 3384 3000 3430 secum

869 3493 982 3557 per
1026 3473 1144 3534 οὔτε
1179 3508 1255 3518 -
1288 3472 1347 3533 τέ
1378 3506 1456 3518 -
1490 3471 1582 3532 καί
1629 3472 2138 3550 conjunguntur.
2196 3472 2246 3533 E
2299 3473 2535 3551 quibus
2591 3491 2739 3537 cum
2790 3474 3001 3552 priora

864 3584 1055 3647 ambo
1086 3580 1482 3649 criminibus,
1507 3578 1936 3657 respondeant
1965 3579 2215 3642 duobus
2242 3579 2583 3659 prioribuS,
2617 3598 2876 3644 necesse
2906 3588 3001 3643 est

866 3694 1126 3756 tertium
1157 3689 1525 3750 membrum
1561 3688 1740 3747 tertio
1770 3704 2024 3766 quoque
2054 3687 2311 3749 crimini
2349 3688 2754 3766 respondere.

946 3799 1410 3861 Verumtamen
1441 3795 1583 3855 fieri
1616 3811 1744 3882 non
1782 3803 1986 3873 potest
2018 3802 2087 3856 ut
2122 3795 2711 3874 interpretationem
2752 3797 2997 3875 justam

862 3905 1188 3977 inveniaS,
1224 3903 1350 3963 nisi
1382 3903 1454 3963 T.
1491 3903 1569 3963 R.
1605 3911 1838 3962 mutes.
1876 3901 2269 3981 Simpliciter
2298 3903 2570 3963 emenda
2597 3902 2687 3963 καὶ
2721 3911 2799 3971 <
2827 3903 2888 3962 οὐ
2917 3911 2995 3974 >

859 4012 997 4073 κατὰ
1036 4012 1178 4092 ἄνθρ.
1214 4018 1323 4070 aut
1358 4007 1552 4087 (quod
1597 4008 2078 4087 paleographice
2126 4009 2377 4069 facilius
2424 4010 2614 4069 etiam
2649 4009 2992 4089 explicabi-

864 4121 988 4200 tur)
1019 4119 1110 4178 καὶ
1146 4115 1283 4177 κατὰ
1326 4116 1591 4197 ἄνθρωπον
1623 4124 1702 4184 <
1727 4115 1788 4174 οὐ
1819 4126 1895 4185 >
1924 4125 2279 4198 περιπατεῖτε.
2316 4140 2340 4172 ιι
2380 4115 2750 4177 Secundum
2785 4124 2991 4177 matu-

857 4248 1003 4290 rum
1037 4227 1367 4289 hominem
1402 4241 1531 4286 non
1566 4224 1929 4286 ambulatis.
1978 4248 2004 4279 1>
2052 4224 2241 4299 Κατά,
2288 4233 2543 4285 auctore
2594 4223 2869 4297 Grimm,
2917 4221 2984 4282 in

854 4340 1155 4419 περιπατεῖν
1189 4333 1326 4393 κατά
1359 4356 1410 4391 τι
1442 4332 1758 4407 significat
1784 4355 1813 4386 «
1848 4331 1926 4391 ad
1953 4348 2247 4393 normam
2283 4330 2557 4411 alicujus
2595 4329 2712 4406 rei,
2746 4346 2987 4391 accom-

857 4444 1107 4506 modate
1154 4440 1307 4501 ad...
1353 4463 1380 4494 n
1419 4431 1499 4485 -’-
1538 4438 1627 4498 Ex
1661 4454 1734 4498 eo
1770 4436 1938 4516 quod
1970 4438 2166 4500 verba
2204 4442 2507 4520 περιπατεῖν
2551 4435 2687 4497 κατὰ
2723 4436 2991 4518 ἄνθρωπον
