3559 5609
1450 854 1571 916 xv,
1605 852 1684 905 27.
2342 908 2352 918 ,
2540 852 2627 905 m

503 973 779 1052 praefert
804 972 1147 1035 lectionem
1180 965 1317 1035 εἶτα.
1349 1005 1431 1020 --
1459 973 1539 1035 In
1571 972 1720 1049 XV,
1755 972 1792 1034 5
1826 972 2305 1035 cunctationem
2338 971 2631 1035 eamdem

501 1079 638 1141 cod.
672 1080 842 1141 inter
881 1079 1186 1142 lectiones
1217 1079 1398 1140 ἔπειτα
1436 1087 1499 1141 et
1530 1069 1643 1140 εἶτα
1673 1078 2139 1157 deprehendes,
2181 1075 2490 1141 Gebhardt
2513 1079 2633 1143 ite-

501 1203 648 1249 rum
682 1186 959 1266 praefert
990 1186 1194 1262 ἔπειτα,
1223 1187 1460 1249 iterum
1486 1191 1703 1249 autem
1730 1184 1920 1248 Godet
1949 1177 2086 1248 εἶτα.
2121 1185 2299 1261 Quae
2325 1183 2634 1249 lectiones

502 1291 671 1355 hane
705 1292 897 1356 Godet
924 1294 1378 1372 cogitationem
1419 1293 1762 1374 injiciunt,
1801 1293 2037 1382 quibus
2079 1302 2296 1358 nostra
2334 1313 2394 1356 v.
2441 1293 2632 1358 23-24

501 1401 945 1481 interpretatio
975 1402 1395 1465 confirmatur
1434 1421 1448 1465 :
1493 1425 1522 1459 α
1577 1401 1665 1464 Le
1705 1393 1819 1463 εἶτα
1863 1401 1946 1464 du
1994 1401 2201 1467 Vatio.
2243 1409 2306 1464 et
2339 1401 2450 1465 des
2482 1402 2628 1484 byz.

500 1507 715 1587 separe
747 1509 948 1571 moins
982 1508 1076 1570 les
1110 1508 1274 1571 deux
1306 1508 1455 1571 faits
1483 1527 1609 1590 que
1639 1527 1722 1571 ne
1755 1508 1817 1571 le
1851 1509 1970 1570 fait
1999 1508 2058 1571 le
2088 1508 2268 1570 ἔπειτα
2298 1493 2387 1572 du
2418 1508 2632 1572 Sinai·-

503 1613 607 1675 tie.
643 1620 706 1676 et
732 1614 812 1677 de
839 1613 1075 1677 l'Alex.
1119 1640 1146 1673 n
1186 1614 1277 1698 (p.
1324 1614 1489 1696 333).
1534 1616 1742 1694 Igitur
1779 1601 1981 1678 ’verba
2018 1618 2067 1676 οἱ
2103 1622 2195 1677 τοῦ
2222 1618 2452 1700 Χριστοῦ
2483 1624 2547 1678 et
2571 1615 2635 1678 τὸ

498 1722 648 1792 τέλος
682 1723 905 1786 minus
943 1742 1096 1787 voce
1124 1716 1239 1786 εἶτα
1272 1725 1595 1806 disjuncta
1619 1732 1794 1799 sunt,
1822 1742 2018 1804 quam
2048 1725 2243 1787 verba
2270 1725 2321 1785 ot
2348 1735 2443 1785 τοῦ
2472 1726 2635 1808 Χρισ-

497 1835 589 1890 τοῧ
618 1838 682 1892 et
708 1830 929 1915 ἀπαρχὴ
958 1831 1183 1915 Χριστός
1213 1849 1362 1896 voce
1386 1832 1591 1894 ἔπειτα.

580 1939 640 2001 4.
673 1938 942 2002 Accedit
963 1939 1148 2016 illud,
1184 1940 1354 2019 quod
1384 1959 1445 2000 ν.
1473 1940 1535 2001 τὸ
1562 1939 1713 2009 τέλος
1742 1940 2008 2002 vocibus
2036 1942 2087 1999 οἱ
2116 1945 2207 2000 τοῦ
2235 1941 2465 2024 Χριστοῦ
2494 1957 2633 2002 res-

454 2047 464 2058 '
501 2044 806 2126 pendent,
837 2047 948 2108 Sed
979 2047 1189 2109 verbis
1213 2046 1338 2108 ὅταν
1361 2049 1643 2132 παραδιδοῖ
1667 2080 1748 2096 -
1773 2047 1866 2108 καὶ
1896 2045 2110 2128 δύναμιν
2140 2064 2324 2111 voces
2349 2047 2403 2107 ἐν
2430 2052 2497 2131 τῇ
2523 2072 2632 2110 πα-

498 2153 680 2238 ρουσίᾳ
702 2156 863 2215 αὐτοῦ
890 2156 1230 2236 quadrant.

582 2261 831 2335 Quibus
863 2262 1187 2341 expositis,
1219 2265 1270 2324 οἱ
1294 2263 1488 2331 πάντες
1514 2261 1647 2344 (vel
1675 2268 1704 2323 ὁ
1733 2261 1979 2339 ἕκαστος)
2011 2263 2081 2324 in
2117 2269 2242 2326 tres
2272 2270 2481 2341 partes
2508 2260 2635 2343 (re-

502 2378 931 2432 surrectorum
985 2377 1096 2432 aut
1145 2370 1794 2451 ressuscitandorum)
1847 2360 2185 2434 diffluunt(
2227 2368 2399 2432 Sunt
2455 2370 2635 2432 enim

504 2476 564 2537 1⁰
597 2475 916 2553 Christus,
956 2480 1015 2538 2⁰
1044 2478 1409 2547 christiani,
1450 2477 1514 2542 3⁰
1546 2479 1595 2541 ii
1618 2478 1732 2559 qui
1765 2478 1838 2540 in
1873 2479 2083 2543 Adam
2112 2477 2350 2541 mortui
2381 2484 2535 2539 sunt
2560 2493 2635 2539 ae

502 2582 889 2662 moriuntur,
917 2584 1057 2649 scil.
1089 2586 1286 2649 ceteri
1314 2585 1638 2651 homines.
2359 2570 2366 2576 ’

1418 2801 1568 2880 xv,
1617 2802 1714 2863 27.

579 3011 921 3076 Manifesto
947 3021 1245 3096 corrupta
1271 3013 1431 3077 haec
1460 3024 1633 3076 sunt.
1670 3014 1876 3077 Nullo
1906 3014 2086 3093 enim
2117 3020 2300 3094 pacto
2330 3012 2635 3094 explicari

440 3169 454 3184 .
498 3127 767 3199 possunt
792 3139 851 3183 v,
889 3120 1015 3182 ὅταν
1053 3120 1196 3204 εἴπῃ.
1232 3121 1572 3203 Subjunot.
1607 3122 1812 3185 futuri
1847 3140 1993 3185 eum
2023 3122 2087 3182 ἄν
2124 3127 2470 3202 usurpatus
2500 3122 2635 3182 vim

499 3225 714 3289 habet.
749 3228 904 3292 Noli
930 3225 1130 3308 igitur
1156 3230 1568 3312 interpretari
1604 3249 1618 3292 ε
1652 3253 1682 3286 α
1717 3229 1791 3290 in
1821 3237 2151 3310 posterum
2188 3230 2504 3310 scriptura
2536 3227 2635 3292 lo-

499 3332 753 3414 quetur,
785 3359 813 3392 2
840 3337 1010 3417 quod
1039 3337 1222 3400 nullo
1250 3336 1441 3400 modo
1471 3338 1613 3400 fieri
1643 3345 1848 3417 potest
1885 3363 1900 3397 ι
1935 3354 2090 3399 nam
2121 3338 2437 3418 scriptura
2458 3336 2631 3417 Jam-

500 3441 745 3505 dudum
768 3444 976 3508 locuta
991 3453 1107 3508 est.
1132 3446 1590 3522 Quamobrem,
1614 3445 1847 3508 merito
1869 3443 2058 3507 Godet
2074 3444 2636 3524 interpretationes

499 3550 707 3631 Meyer
756 3560 818 3613 et
865 3551 1181 3634 Hoffmann
1225 3554 1511 3633 sprevit,
1560 3553 1672 3614 sed
1719 3551 2084 3632 spernenda
2132 3567 2388 3631 quoque
2430 3551 2635 3630 ipsius

504 3654 692 3720 Godet
724 3657 1182 3738 interpretatio.
1232 3658 1550 3738 Equidem
1579 3705 1593 3733 ,
1641 3658 1990 3720 observans
2024 3655 2306 3718 Paulum
2345 3656 2417 3717 in
2459 3673 2519 3717 v.
2559 3654 2635 3716 26

501 3779 801 3840 praesens
839 3762 1233 3848 (καταργεῖται)
1276 3775 1338 3827 et
1379 3768 1448 3826 in
1505 3785 1564 3825 v.
1617 3764 1688 3824 27
1734 3762 2050 3824 aoristum
2096 3760 2397 3843 (ὑπέταξεν)
2442 3760 2635 3823 adhi-

500 3867 754 3946 buisse,
797 3869 985 3933 illum
1029 3872 1317 3953 suspicor
1362 3871 1614 3935 dedisse
1653 3888 1668 3932 :
1715 3868 1818 3931 ὅτε
1860 3867 1918 3929 δὲ
1959 3860 2109 3929 εἶπεν
2157 3868 2325 3948 (soil.
2367 3872 2402 3941 ἡ
2435 3865 2638 3952 γραφή)

505 3976 983 4039 ...-ὓποτέτακται.
1020 3978 1097 4039 In
1128 3997 1188 4042 v.
1244 3978 1319 4040 28
1352 3987 1603 4040 tautum
1633 3976 1782 4057 (ὅταν
1823 3973 1879 4036 δὲ
1924 3972 2188 4057 ὑποταγῇ)
2217 3974 2299 4037 ad
2341 3974 2636 4036 futurum

502 4101 557 4143 v.
598 4084 672 4146 25
708 4083 856 4169 (ἄχρι
892 4076 951 4146 οὗ
993 4084 1056 4146 ἂν
1097 4085 1187 4168 θῇ)
1214 4085 1402 4148 redit.
1434 4083 1720 4148 Observa
1749 4099 1975 4146 vocem
2006 4080 2131 4143 ὅταν
2162 4099 2294 4144 non
2328 4078 2530 4144 semel
2561 4079 2633 4140 in

503 4208 563 4251 v,
598 4192 785 4254 24-28
816 4192 943 4271 legi
963 4238 982 4269 ,
1016 4202 1079 4255 et
1110 4192 1440 4270 intelliges
1477 4209 1605 4272 quo
1634 4191 1829 4253 modo
1856 4189 2093 4252 menda
2126 4196 2279 4252 nata
2307 4189 2413 4251 sit.
2446 4187 2638 4251 Cete-

383 4359 389 4365 .
503 4314 683 4376 rum,
720 4305 978 4364 auctore
1022 4301 1205 4380 Bast,
1238 4298 1489 4363 litterae
1533 4323 1598 4360 αν
1634 4306 1696 4361 et
1735 4323 1761 4360 ι
1787 4347 1802 4376 ,
1845 4323 1881 4372 η
1916 4304 1978 4360 et
2017 4321 2073 4358 ιν
2115 4313 2302 4377 saepe
2332 4295 2638 4362 confusae

505 4412 682 4469 sunt.
