3559 5609
1554 857 1681 912 XVI
1694 895 1708 921 ,
1746 856 1831 917 26,
2667 856 2758 917 149

617 974 970 1055 intelliget,
1002 981 1099 1038 sat
1124 973 1285 1051 scio,
1318 974 1492 1056 quod
1526 974 1829 1056 equidem
1873 974 2149 1043 firmiter
2176 975 2344 1041 mihi
2371 990 2755 1056 persuasum

620 1080 825 1153 habeo
848 1127 864 1156 ,
900 1081 1178 1153 Paulum
1207 1082 1298 1144 ita
1327 1081 1605 1144 scribere
1639 1098 1767 1147 nou
1812 1083 2115 1162 potuisse.
2155 1082 2371 1147 Verbo
2401 1081 2612 1165 ἐνεργής
2640 1099 2756 1144 au-

621 1195 753 1250 tem
784 1187 1055 1264 sublato,
1087 1188 1389 1268 periodus
1414 1207 1476 1250 v.
1507 1186 1544 1249 9
1574 1187 1909 1271 aptissime
1941 1188 2247 1255 decurrit.
2282 1189 2509 1269 Neque
2540 1195 2756 1251 tamen

620 1310 840 1359 vocem
876 1294 1312 1374 importunam
1347 1293 1561 1365 delere
1609 1295 1837 1358 velim.
1889 1295 2047 1369 Quis
2099 1296 2273 1365 enim
2320 1294 2490 1359 hanc
2537 1311 2760 1361 vocem

622 1398 982 1477 addiderit?
1010 1405 1153 1479 Qua
1181 1404 1477 1475 ratione?
1510 1405 1649 1472 Hoc
1680 1403 1985 1483 equidem
2017 1421 2146 1469 nou
2177 1402 2493 1482 intelligo.
2532 1405 2760 1484 Itaque

622 1492 1039 1592 transponere
1089 1511 1313 1584 malim
1360 1513 1430 1573 in
1471 1532 1533 1575 v.
1579 1511 1648 1573 10
1687 1529 1906 1579 vocem
1951 1512 2196 1596 ἐνεργής,
2243 1512 2381 1575 sive
2415 1510 2500 1575 ἵνα
2546 1510 2758 1597 &amq

621 1616 830 1703 ἐνςρνὴς
854 1618 1099 1699 γένηται,
1133 1619 1268 1688 Sive
1292 1618 1376 1681 ἵνα
1400 1619 1597 1702 ἄφοδος
1622 1618 1722 1689 καὶ
1740 1617 1957 1703 ἐνεργὴς
1984 1619 2196 1701 γένηται
2225 1619 2504 1683 scribam
2540 1638 2554 1682 2
2588 1618 2758 1700 quod

620 1726 944 1806 postulant
973 1727 1206 1793 ultima
1238 1747 1296 1788 v,
1336 1728 1408 1789 10
1439 1726 1754 1810 νθΐὸῆ’(τὸ
1780 1727 1882 1811 γὰρ
1913 1727 2173 1811 ἔργον...
2213 1726 2609 1812 ἐργάζεται).

701 1835 826 1902 Sed
868 1836 1166 1914 quamvis
1205 1834 1374 1901 illud.
1415 1837 1681 1901 verbnm
1719 1836 2179 1915 transpositum
2215 1836 2337 1910 sit,
2373 1833 2622 1915 aliquid
2663 1843 2759 1897 ta-

621 1959 771 2003 men
831 1959 867 2003 a
922 1943 1388 2015 consuetudine
1451 1944 1770 2007 sermonis
1828 1942 2058 2005 Graeci
2116 1961 2368 2024 semper
2418 1941 2719 2006 abhorret
2740 1963 2757 2016 ;,

622 2049 1077 2128 quamobrem,
1127 2051 1268 2113 sine
1301 2049 1455 2119 ulla
1503 2051 1937 2123 dubitatione,
1973 2050 2332 2113 scribamus
2368 2069 2381 2114 :
2419 2049 2510 2110 ἐὰν
2542 2049 2599 2111 δὲ
2633 2049 2761 2132 ἔλθῃ

619 2155 878 2238 Τιμόθεος
912 2157 1039 2241 πρὸς
1068 2161 1239 2238 ὑμᾶς,
1278 2158 1499 2239 βλέπετε
1526 2158 1611 2220 ἵνα
1650 2158 1847 2242 ἄφοδος
1884 2158 1975 2220 καὶ
2021 2158 2236 2242 ἐνεργὴς
2271 2159 2483 2240 γένηται
2517 2180 2532 2198 ·
2569 2159 2630 2218 τὸ
2656 2158 2758 2241 γὰρ

622 2262 769 2347 ἔργον
806 2266 929 2325 κτλ.
965 2264 1106 2338 Quo
1138 2272 1319 2345 pacto
1350 2266 1647 2346 propiora
1691 2275 1843 2327 sunt
1875 2266 2081 2348 ἐνεργής
2120 2274 2183 2328 et
2222 2266 2369 2348 ἔργον
2394 2315 2407 2342 ,
2441 2266 2754 2349 ἑργάζεταις

621 2378 683 2433 et
724 2370 803 2431 ad
848 2369 972 2453 ἔλθῃ
1001 2369 1109 2452 (cf.
1144 2390 1204 2432 v.
1251 2370 1454 2452 11-12)
1496 2372 1689 2434 verba
1727 2372 1856 2455 πρὸς
1891 2376 2029 2453 ὑμᾶς
2080 2373 2321 2436 referre
2363 2372 2546 2449 licet,
2587 2372 2757 2453 quod

621 2477 1020 2541 commodius
1054 2496 1191 2541 esse
1220 2488 1374 2558 puto
1409 2497 1604 2561 quam
1636 2479 1751 2542 illa
1781 2480 1862 2542 ad
1892 2498 2117 2543 vocem
2145 2480 2358 2562 γένηται
2389 2480 2650 2542 referre.

701 2584 886 2659 Quod
918 2594 1134 2648 autem
1170 2594 1436 2650 annotat
1480 2587 1707 2664 Godet‚
1751 2588 1832 2650 de
1875 2587 1967 2648 ἐὰν
2010 2588 2135 2671 ἔλθῃ
2166 2589 2437 2652 verbum
2472 2589 2754 2664 faciens,

625 2693 742 2756 hoc
788 2709 916 2756 non
968 2692 1155 2774 plane
1189 2696 1493 2758 omnibus
1542 2704 1788 2759 certum
1834 2696 2207 2759 videbitur:
2245 2719 2274 2752 α
2322 2696 2589 2760 Comme
2640 2712 2756 2758 son

623 2807 828 2880 temps
852 2800 1007 2862 etait
1033 2800 1241 2863 limite
1266 2799 1355 2883 (v,
1392 2800 1513 2883 11),
1551 2802 1708 2865 Paul
1738 2803 1961 2866 n’etait
1988 2821 2098 2884 pas
2127 2806 2239 2866 sur
2268 2803 2427 2884 qu‘il
2460 2804 2573 2884 put
2601 2802 2754 2864 arri·

623 2925 735 2969 ver
763 2907 924 2969 dans
954 2915 1115 2970 cette
1146 2907 1324 2970 ville.
1358 2911 1453 2971 De
1482 2908 1544 2970 la
1574 2909 1995 2989 l'expression
2026 2935 2038 2971 ε
2072 2909 2190 2972 S’il
2216 2911 2385 2973 vient
2409 2910 2548 2973 chez
2576 2926 2751 2984 vom,

624 3015 738 3096 qui
766 3014 929 3077 n'est
957 3017 1139 3095 point
1171 3016 1576 3097 equivalente
1618 3022 1656 3080 a
1689 3043 1703 3077 ε
1741 3018 1974 3092 Quand
2007 3017 2187 3101 (ὅταν)
2220 3017 2267 3079 il
2303 3018 2574 3079 viendra
2604 3016 2757 3078 chez

622 3139 807 3185 vous.
843 3146 871 3177 ι
910 3121 1146 3186 Confer
1178 3133 1400 3186 contra
1429 3142 1594 3204 quae
1624 3125 1877 3204 scripsit
1905 3125 1974 3186 in
2005 3124 2212 3188 lexico
2241 3142 2357 3187 suo
2389 3124 2659 3198 Grimm‚
2697 3131 2759 3186 et

622 3228 844 3292 multis
873 3231 1278 3294 confirmavit
1312 3232 1621 3312 exemplis
1661 3253 1677 3294 z
1716 3255 1743 3288 «
1778 3250 2079 3312 perverso
2122 3252 2241 3295 usu
2273 3251 2347 3295 ex
2389 3232 2756 3295 imitatione

626 3338 808 3402 hebr.
841 3342 966 3416 ns,
1009 3357 1173 3419 quae
1204 3339 1516 3419 particula
1549 3348 1645 3402 est
1684 3340 1879 3403 etiam
1911 3341 2252 3423 temporiS‚
2306 3340 2757 3420 explicandum

627 3447 718 3506 ἐάν
752 3464 807 3509 c.
847 3448 1015 3526 conj.
1052 3463 1185 3509 aor.
1234 3447 1358 3512 dic.
1403 3446 1482 3509 de
1528 3448 1759 3525 rebus»,
1807 3467 1967 3529 quas
1999 3450 2273 3530 loquens
2313 3458 2424 3537 aut
2471 3449 2759 3512 scribens

623 3554 979 3617 certissime
1029 3554 1278 3618 futuras
1325 3561 1541 3635 putat,
1599 3555 1706 3617 ubi
1758 3555 2109 3619 dicendum
2165 3564 2304 3619 erat
2345 3556 2514 3633 ὅταν,
2562 3573 2711 3619 cum
2740 3602 2755 3631 ‚

623 3660 970 3741 quando.»

1518 3876 1676 3940 XVI
1695 3925 1710 3953 ,
1758 3877 1861 3939 24·

707 4091 791 4152 Η.
824 4089 867 4151 l.
900 4090 1022 4152 isto
1049 4089 1240 4153 modo
1269 4089 1569 4170 explanat
1598 4091 1790 4154 Godet
1823 4111 1837 4155 :
1875 4115 1906 4149 «
1940 4092 2106 4155 Paul
2139 4093 2312 4155 avait
2343 4091 2603 4155 adresse
2631 4109 2758 4153 aux

626 4197 1039 4261 Corinthiens
1086 4198 1197 4260 des
1237 4199 1579 4278 reproches
1622 4207 1685 4260 et
1728 4201 1840 4261 des
1869 4201 2391 4262 avertissements
2427 4201 2480 4261 si
2509 4199 2760 4261 severos

628 4303 777 4382 qu’il
813 4307 1089 4382 eprouve
1128 4302 1189 4364 le
1221 4303 1443 4366 besoin
1484 4304 1563 4365 de
1604 4303 1696 4366 les
1726 4322 1983 4368 assurer
2023 4323 2153 4367 une
2182 4305 2482 4368 derniere
2522 4305 2642 4368 fois
2681 4303 2761 4365 de

627 4426 740 4472 son
777 4429 1030 4488 amour,
1066 4418 1128 4474 et
1156 4411 1234 4472 de
1266 4428 1377 4474 son
1411 4429 1637 4475 amour
1670 4430 1833 4492 pour
1863 4431 1984 4475 eux
2014 4421 2169 4477 tous.
2203 4436 2233 4469 »
2267 4413 2338 4475 Si
2368 4420 2659 4476 nostrum
2693 4431 2756 4475 v·
