3559 5609
781 805 871 854 130
1584 800 1743 861 XIII,
1785 801 2023 860 13-XIV,
2064 801 2105 850 1.

772 922 923 984 licet
961 918 1311 1001 (moderate
1354 917 1670 999 quidem),
1704 919 1817 980 sed
1847 917 2162 1000 spiritalia
2192 916 2570 997 praesertim
2613 921 2910 995 appetere

766 1027 980 1108 jubet!
1014 1025 1203 1088 Godet
1230 1034 1396 1087 recte
1430 1033 1606 1087 notat
1633 1025 2070 1087 diversitatem
2098 1042 2264 1105 quae
2296 1025 2465 1087 inter
2494 1021 2908 1101 significatio-

771 1153 922 1196 nem
964 1155 1024 1194 v.
1059 1136 1276 1194 διώκετε
1306 1149 1697 1213 sensumque
1729 1151 1789 1195 v,
1823 1135 2041 1206 ζηλοῦτε
2074 1138 2321 1193 constat
2354 1149 2369 1192 ε
2403 1129 2743 1192 diversitas
2788 1146 2905 1190 au-

773 1249 900 1304 tem
949 1240 1063 1302 illa
1106 1250 1327 1302 contra
1373 1242 1509 1317 ejus
1558 1240 2191 1319 interpretationem,
2236 1237 2373 1301 scil.
2430 1245 2652 1300 contra
2702 1237 2775 1297 T.
2822 1236 2905 1297 R.

771 1347 1005 1426 litigat.
2490 1338 2501 1347 '

800 1444 806 1449 ’
851 1457 1113 1535 Repone
1148 1455 1331 1515 sodes
1364 1473 1378 1515 :
1409 1453 1515 1514 νυνὶ
1561 1451 1653 1528 δὲ,
1694 1455 1749 1512 εἷ
1789 1450 1903 1532 μὲν
1934 1450 2030 1533 (1)
2060 1451 2235 1519 πίστις
2267 1484 2346 1496 -
2378 1456 2583 1526 ταῦτα,
2618 1448 2809 1529 μείζων
2852 1446 2907 1508 δὲ

768 1563 977 1623 πάντων
1005 1567 1040 1634 ἡ
1068 1558 1274 1641 ἀγάπη,
1305 1563 1524 1622 διώκετε
1550 1559 1645 1633 τὴν
1679 1558 1913 1639 ἀγάπην.
1946 1562 2181 1633 Ζηλοῧτε
2208 1558 2338 1624 δέ...
2373 1557 2675 1621 Alterum
2716 1574 2906 1618 men-

771 1672 928 1732 dum
957 1671 1027 1731 in
1059 1676 1357 1731 contextu
1393 1669 1502 1729 tali
1534 1667 1619 1748 (v,
1657 1666 1839 1748 8-12)
1865 1668 2105 1747 optime
2133 1666 2517 1744 intelligitur
2548 1683 2564 1725 :
2600 1663 2906 1727 facillima

769 1777 890 1839 fuit
934 1776 1379 1838 transmutatio
1420 1775 1759 1837 verborum
1815 1778 1862 1836 εἰ
1901 1774 1998 1855 μέν
2038 1776 2106 1835 in
2150 1774 2315 1854 μένει.
2356 1773 2652 1836 Alterum
2691 1780 2906 1835 autem

771 1904 918 1949 cum
955 1866 1662 1963 palaeographia'facile
1694 1882 1968 1962 explicat
2003 1883 2095 1964 (αν
2120 1910 2203 1935 =
2229 1905 2291 1942 ου
2310 1929 2327 1958 ,
2362 1907 2396 1942 τ
2421 1909 2500 1934 =
2525 1906 2586 1942 π.
2623 1914 2703 1927 -
2731 1881 2902 1956 Bast,

785 1988 1156 2072 Vollqraff),
1193 1999 1327 2051 tum
1373 1991 1562 2051 traxit
1600 1990 1980 2069 proximitas
2023 2010 2080 2051 v.
2121 2002 2314 2051 ταῦτα.
2370 1989 2658 2051 Verbum
2695 1988 2905 2049 πάντων

769 2100 1144 2179 frequenter
1177 2099 1246 2159 in
1282 2099 1365 2162 N.
1400 2099 1473 2160 T.
1508 2116 1656 2160 cum
1687 2098 1880 2178 μείζων
1910 2099 2346 2178 conjungitur.

781 2218 786 2222 ·
851 2207 951 2267 Ita
974 2207 1305 2267 restitutus
1329 2225 1389 2266 v,
1430 2204 1500 2268 13
1533 2222 1670 2267 rem
1698 2205 1959 2268 conficit
1990 2205 2055 2265 in
2090 2225 2152 2267 v.
2181 2205 2205 2265 1
2231 2205 2601 2267 inchoatam
2635 2225 2650 2267 ε
2684 2205 2904 2267 confer

772 2314 948 2375 enim
978 2331 1127 2374 cum
1156 2312 1287 2374 illis
1309 2333 1370 2376 v,
1395 2317 1441 2373 εἰ
1469 2312 1566 2392 μέν
1595 2330 1779 2375 voces
1806 2313 1898 2373 ἐάν
1926 2314 1995 2374 in
2028 2332 2087 2374 v.
2132 2313 2184 2390 1,
2210 2314 2244 2372 2
2277 2321 2339 2374 et
2367 2311 2404 2376 3
2430 2321 2490 2375 et
2518 2317 2623 2373 εἴτε
2651 2312 2722 2373 in
2755 2331 2814 2376 v,
2839 2312 2898 2375 8.

772 2418 1144 2482 Secundum
1176 2438 1388 2481 meam
1420 2420 2017 2500 interpretationem
2047 2418 2324 2481 fideliter
2353 2417 2597 2482 Paulus
2627 2418 2901 2498 logicam

771 2547 830 2588 v.
869 2534 954 2587 νῦν
983 2534 1094 2589 ant
1122 2526 1230 2586 νυνί
1262 2527 1804 2604 significationem
1842 2535 2084 2602 tuetur,
2121 2526 2257 2588 scil.
2298 2551 2325 2583 α
2367 2533 2436 2589 ut
2477 2545 2652 2589 nunc
2694 2545 2794 2590 res
2834 2544 2902 2588 se

768 2635 983 2710 habet,
1007 2652 1171 2713 quae
1196 2651 1342 2694 cum
1365 2633 1455 2694 ita
1475 2634 1626 2709 sint,
1654 2633 1772 2696 hac
1796 2652 2013 2694 rerum
2044 2633 2431 2710 conditione,
2457 2651 2606 2695 cum
2635 2651 2786 2696 vero
2813 2635 2900 2695 ita

769 2759 870 2804 res
901 2760 967 2803 se
998 2741 1230 2802 habeat
1264 2765 1291 2796 n
1324 2739 1641 2821 (Grimm).
1668 2742 1747 2804 V.
1782 2742 1975 2813 XIII,
2014 2742 2293 2819 13-X1V,
2333 2744 2392 2803 1·
2420 2742 2899 2805 conclusionem

768 2848 1058 2911 efficiunt
1090 2867 1103 2909 :
1141 2866 1305 2928 quae
1354 2865 1501 2909 cum
1534 2849 1624 2909 ita
1664 2849 1828 2924 sint,
1864 2850 2205 2911 sectamini
2254 2849 2608 2911 caritatem.
2642 2883 2721 2894 —
2751 2850 2897 2911 Non

764 2957 1149 3035 interpretor
1184 2974 1197 3016 :
1227 2979 1257 3012 «
1292 2954 1360 3018 Si
1392 2964 1542 3016 sunt
1577 2957 1768 3032 fides,
1805 2974 1981 3036 speS,
2011 2957 2271 3033 caritas,
2306 2956 2424 3017 tria
2458 2957 2615 3017 haec
2643 2980 2699 3032 »,
2732 2957 2842 3017 sed
2879 2975 2892 3016 :

768 3088 795 3120 α
825 3064 894 3125 Si
924 3064 1108 3139 fideS,
1134 3082 1300 3143 spes,
1326 3066 1578 3137 caritaS,
1605 3065 1761 3125 haec
1788 3065 1928 3139 tria,
1965 3063 2117 3125 talia
2141 3073 2291 3127 sunt
2320 3065 2537 3145 qualia
2567 3064 2699 3126 dixi
2718 3063 2834 3146 (2).
2864 3089 2893 3121 n

762 3162 1122 3235 Recordare
1170 3172 1347 3231 enim
1395 3170 1671 3232 Paulum
1711 3170 2086 3233 Corinthios
2126 3170 2533 3252 compellare.
2577 3171 2897 3233 Corinthii

762 3288 976 3341 autem
1016 3284 1209 3338 totam
1254 3279 1393 3357 ejus
1438 3277 1806 3338 doctrinam
1842 3278 2259 3353 audiverant,
2290 3287 2352 3338 et
2395 3279 2616 3357 paucis
2647 3286 2895 3340 tantum

759 3385 971 3446 verbis
1004 3401 1163 3463 opus
1193 3391 1350 3458 erat,
1389 3391 1460 3444 ut
1493 3384 1818 3463 extemplo
1849 3384 2118 3465 apostoli
2163 3394 2497 3465 praecepta
2538 3385 2609 3447 in
2648 3402 2891 3447 memo-

757 3492 923 3554 riam
958 3499 1355 3553 revocarent.

839 3600 927 3660 Ex
962 3598 1250 3678 epistulis
1272 3598 1499 3660 eodem
1525 3598 1725 3660 ferme
1751 3606 2035 3680 tempore
2054 3599 2334 3680 scriptis,
2358 3600 2638 3663 Paulum
2660 3601 2895 3663 intelli-

754 3708 971 3786 gimus
1008 3723 1257 3777 revera,
1293 3706 1359 3775 in
1395 3725 1456 3767 v.
1490 3706 1658 3782 8-12,
1691 3706 1771 3768 de
1802 3707 1930 3768 fide
1974 3715 2037 3768 et
2083 3707 2162 3769 de
2192 3725 2304 3787 spe
2334 3708 2602 3770 verbum
2637 3708 2888 3785 fecisse,

757 3813 1054 3894 quamvis
1086 3831 1215 3875 non
1248 3813 1622 3875 nominatis,
1653 3814 1731 3874 In
1766 3816 1801 3875 2
1828 3813 1997 3890 Cor.‚
2029 3813 2109 3890 V,
2138 3814 2172 3873 7
2205 3814 2481 3892 legimus
2508 3833 2522 3877 ι
2548 3812 2632 3875 διὰ
2662 3814 2890 3881 πίστεως

753 3932 1140 4005 περιπατοῦμεν
1170 3922 1228 3981 οὔ
1264 3919 1348 3981 διὰ
1384 3919 1569 3986 εἴδους.
1605 3919 2027 3997 Quacumque
2072 3920 2321 3984 ratione
2359 3920 2523 3989 εἴδους
2567 3921 2886 4001 interpre-

757 4031 936 4107 teriS,
968 4028 1119 4109 fides
1155 4038 1368 4090 tamen
1398 4027 1530 4109 (his
1572 4029 1643 4089 in
1688 4026 1901 4108 terris)
1928 4028 2157 4091 visioni
2179 4027 2489 4110 (futurae)
2517 4031 2882 4111 opponitur.

812 4270 880 4333 (1)
911 4269 1014 4329 Cf„
1048 4269 1116 4319 de
1162 4242 1462 4319 verborum¹
1488 4269 1912 4333 compositione,
1947 4268 2136 4331 Hebr.,
2174 4269 2277 4331 XI,
2313 4271 2463 4321 15-16
2484 4284 2496 4330 ;
2537 4270 2699 4331 Phil.,
2734 4271 2801 4321 11.
2840 4270 2882 4343 1.

811 4360 878 4423 (2)
910 4359 1014 4419 Gr„
1049 4360 1116 4409 de
1146 4375 1197 4410 v.
1230 4367 1390 4411 ταῦτα
1419 4360 1842 4422 significatione,
1875 4360 1970 4422 Vl,
2005 4360 2055 4409 11
2082 4373 2095 4421 ;
2130 4361 2223 4423 IX,
2257 4361 2300 4411 3.
