3559 5609
800 833 863 884 46
886 833 893 840 '
1610 838 1618 845 '
1776 833 1871 897 IV,
1908 835 1955 886 6.

797 951 883 1012 ἵνα
936 950 1163 1031 copula
1212 949 1394 1013 nulla
1427 951 1770 1030 conjuncta
1809 951 2148 1031 respicieS‚
2200 968 2455 1013 mecum
2486 951 2754 1013 fortasse
2800 968 2929 1014 non

800 1057 1044 1119 multus
1063 1056 1385 1119 dubitabis
1413 1058 1570 1137 quin
1603 1059 2029 1137 interpungas
2060 1082 2072 1118 :
2106 1060 2294 1119 Ταῦτα
2318 1055 2373 1117 δὲ
2402 1090 2479 1102 -
2504 1079 2728 1140 μετεσχ.
2759 1092 2839 1104 -
2861 1060 2926 1119 δι’

798 1169 957 1245 ὑμᾶς.
992 1161 1111 1226 Ἵνα
1138 1168 1190 1225 ἐν
1219 1171 1347 1244 ἡμῖν
1377 1165 1577 1240 μάθητε
1603 1166 1666 1225 τὸ
1696 1163 1775 1244 μὴ
1811 1169 2162 1249 ὑπερφρονεῖν.
2193 1162 2313 1227 Ἵνα
2343 1163 2424 1245 μὴ
2457 1158 2532 1234 εἶς
2563 1197 2642 1215 —
2670 1164 2809 1227 κατὰ
2839 1171 2932 1225 τοῦ

797 1271 994 1356 ἑτέρου.
1029 1273 1240 1337 Efficit
1264 1273 1349 1334 ἵνα
1380 1272 1792 1354 periphrasin
1826 1274 2221 1354 imperativi.

1726 1488 1853 1567 1v‚
1892 1488 1988 1551 14.

875 1701 1041 1780 Cum
1068 1702 1140 1765 h.
1180 1721 1242 1765 v.
1276 1718 1427 1764 cum
1457 1702 1574 1779 VI,
1627 1702 1662 1763 5
1712 1710 1774 1764 et
1817 1701 1965 1778 XV,
2000 1702 2076 1766 34
2120 1702 2382 1766 confero
2426 1720 2503 1766 ac
2544 1703 2737 1764 verba
2766 1719 2932 1783 quae

795 1811 1008 1874 locum
1053 1811 1342 1873 versibus
1399 1811 1523 1885 VI,
1573 1810 1608 1871 5
1659 1821 1722 1872 et
1764 1810 1928 1886 XV,
1982 1810 2058 1873 34
2109 1811 2470 1886 dederunt,
2523 1829 2671 1874 cum
2716 1809 2930 1873 verbis

795 1937 960 2000 quae
998 1919 1125 1993 IV,
1179 1920 1250 1980 14
1295 1919 1646 1995 inducunt,
1693 1917 1900 1981 miror
1944 1919 2221 1981 Paulum
2257 1920 2347 1981 ita
2392 1919 2741 1999 scripsisse.
2789 1921 2930 1981 Imo

796 2043 947 2089 vero
976 2027 1415 2107 exspectabam
1447 2051 1460 2087 ε
1495 2026 1752 2109 ἐντρέπων
1780 2031 1918 2106 ὑμᾶς
1942 2028 2126 2110 γράφω
2154 2033 2343 2088 ταῦτα.
2375 2027 2709 2108 Reponere
2731 2027 2929 2105 igitur

796 2131 1016 2194 nullus
1045 2131 1269 2195 dubito
1302 2157 1316 2193 z
1351 2136 1397 2193 εἰ
1433 2132 1523 2193 καὶ
1556 2132 1814 2216 ἐντρέπων
1847 2168 1927 2181 -
1955 2131 2204 2214 ἀγαπητὰ
2239 2139 2484 2195 νουθετῶ.
2528 2158 2557 2191 «
2596 2134 2750 2195 Post
2780 2150 2925 2213 pro-

801 2241 969 2302 tasin·
1016 2237 1518 2303 conditionalem
1566 2241 1668 2302 vel
1721 2241 2161 2303 concessivam
2210 2241 2399 2304 initio
2447 2241 2739 2321 apodosis
2790 2238 2930 2301 ἀλλά

796 2349 1117 2428 significat
1150 2357 1352 2412 tamen
1385 2373 1412 2406 «
1448 2348 1775 2431 (Grimm)‚
1816 2358 2007 2428 atque
2037 2349 2125 2409 ita
2157 2349 2417 2429 ponitur
2450 2349 2530 2409 ab
2560 2348 2699 2428 ipso
2729 2347 2932 2410 Paulo

794 2457 864 2517 in
901 2455 1239 2519 nonnullis
1277 2475 1338 2518 v·
1382 2465 1519 2536 post
1548 2460 1594 2517 εἰ
1629 2456 1721 2517 καί
1759 2455 1824 2538 (2
1865 2455 2042 2532 Cor„
2077 2455 2208 2533 IV·,
2250 2456 2359 2532 163
2409 2456 2493 2533 V,
2544 2456 2655 2533 16;
2689 2455 2786 2517 XI
2814 2504 2830 2533 ,
2868 2456 2927 2516 6.

793 2561 967 2640 Col.,
1000 2563 1066 2623 ΙΙ
1088 2612 1103 2642 ,
1143 2563 1229 2644 5).
1263 2563 1447 2637 Quod
1484 2562 1567 2624 ad
1609 2581 1748 2624 rem
1793 2562 2387 2643 palaeographicam
2417 2563 2680 2640 attinet,
2715 2561 2931 2624 nemi-

796 2689 948 2732 nem
982 2670 1150 2749 fugit
1178 2688 1366 2750 saepe
1395 2671 1692 2734 confusas
1723 2690 1861 2733 esse
1889 2670 2173 2752 syllabas
2206 2693 2267 2730 ου
2298 2679 2361 2732 et
2388 2695 2433 2732 ει
2463 2670 2659 2753 (Bast)
2685 2719 2698 2746 ,
2732 2679 2796 2732 et
2824 2687 2928 2731 sa-

798 2778 880 2840 tis
904 2786 1127 2840 notum
1158 2787 1254 2840 est
1281 2780 1421 2859 conj
1436 2780 1806 2842 unctionem
1825 2779 1916 2841 καί
1937 2780 2161 2842 crebro
2194 2778 2408 2859 prima
2435 2779 2649 2842 solum
2679 2777 2929 2841 exarari

756 2933 765 2944 .
794 2884 1008 2949 littera
1036 2885 1422 2969 (Tournier).
1494 2967 1508 2984 Ο

1764 3079 1856 3155 V,
1899 3078 1954 3139 1.

874 3319 1051 3384 Haec
1090 3340 1151 3382 v.
1200 3322 1270 3383 in
1320 3320 1644 3384 codicibus
1685 3321 1945 3402 optimis
1987 3321 2123 3403 fere
2163 3320 2465 3383 similiter
2512 3320 2742 3382 tradita
2795 3337 2926 3383 non

796 3446 953 3492 sana
983 3446 1121 3491 esse
1156 3428 1463 3507 suspicor.
1500 3427 1700 3491 Nullo
1743 3428 2001 3491 vinculo
2047 3429 2224 3490 enirn
2256 3446 2408 3490 cum
2449 3428 2580 3489 illis
2610 3445 2776 3508 quae
2813 3446 2924 3490 su·

789 3555 907 3617 pra
943 3545 1097 3598 sunt
1143 3536 1353 3598 verbis
1393 3536 1693 3615 colligata
1727 3545 1914 3612 sunt,
1958 3536 2257 3616 quamvis
2297 3538 2368 3596 in
2398 3535 2666 3615 apostoli
2702 3535 2925 3596 animo

792 3645 1013 3724 procul
1044 3643 1239 3705 dubio
1275 3644 1573 3707 transitio
1609 3644 1996 3723 vinculaque
2028 3661 2157 3705 non
2192 3643 2515 3704 defuerint
2542 3641 2808 3724 (Confer
2836 3640 2927 3719 V,

797 3752 863 3829 2,
907 3752 943 3812 6
991 3768 1140 3814 cum
1190 3751 1280 3812 IV
1331 3762 1392 3814 et
1422 3753 1509 3827 V,
1551 3751 1659 3815 3-5
1706 3769 1855 3814 cum
1895 3752 2012 3827 IV,
2058 3751 2182 3832 21).
2238 3750 2767 3829 Exspectaveram
2808 3766 2925 3828 po-

797 3860 921 3920 tius
953 3879 969 3921 :
1004 3858 1140 3926 ὅλως
1171 3859 1462 3931 <οὐκ>
1497 3858 1742 3920 ἀκούεται
1770 3891 1852 3905 -
1892 3865 1984 3918 τοῦ
2023 3859 2219 3941 πατρὸς
2258 3857 2419 3939 ἔχειν.
2468 3857 2712 3920 Vereor
2749 3857 2927 3918 euim

793 3940 876 4029 xie
916 3966 1088 4028 inter
1138 3965 1274 4034 ὅλως
1329 3977 1389 4029 et
1436 3965 1716 4045 ἀκούεται,
1770 3965 2028 4045 negatio
2077 3969 2170 4025 οὐκ
2210 3965 2500 4045 perierit,
2550 3981 2698 4025 cum
2743 3979 2927 4042 prae-

793 4073 1020 4136 sertim
1055 4074 1341 4154 syllabae
1369 4097 1442 4142 ως
1473 4086 1535 4138 et
1566 4098 1654 4143 ους
1681 4123 1694 4150 ,
1727 4099 1761 4135 α
1794 4085 1854 4135 et
1882 4097 1941 4133 ou
1972 4091 2011 4136 a
2041 4073 2271 4134 scribis
2300 4073 2670 4153 saepissime
2702 4071 2928 4133 confu-

704 4203 707 4208 ·
794 4199 900 4244 sae
941 4184 1072 4244 sint
1103 4179 1279 4263 (Base
1302 4216 1382 4228 —
1409 4183 1825 4244 Demonstrat
1862 4182 2015 4243 Bast
2049 4180 2147 4241 οὐκ
2174 4198 2542 4260 perperam,
2576 4180 2646 4240 in
2682 4178 2727 4240 1.
2763 4194 2923 4258 quo-

792 4288 942 4351 dam
967 4335 982 4363 ,
1032 4298 1257 4351 natum
1300 4309 1334 4353 e
1381 4295 1688 4369 sequente
1731 4288 1983 4369 syllaba
2013 4312 2083 4349 ακ
2120 4306 2134 4349 :
2169 4288 2240 4349 in
2278 4298 2496 4351 nostro
2533 4286 2576 4348 l.
2622 4286 2925 4349 mendam

788 4397 1121 4461 inversam
1152 4395 1582 4476 invenimus).
