3559 5609
753 830 839 881 102
1705 830 1807 893 IX,
1844 830 1919 880 23.

749 946 993 1009 Paulus
1035 947 1300 1026 μήπως...
1354 945 1604 1025 ἀδόκιμος
1648 946 1886 1028 γένωμαι
1935 945 2020 1027 (v.
2072 947 2176 1028 27)
2217 948 2468 1022 scribit,
2510 964 2640 1010 non
2689 946 2882 1025 longe

749 1073 933 1116 secus
962 1064 1059 1116 est
1085 1074 1157 1116 ao
1189 1055 1247 1115 Si
1280 1055 1636 1134 scripsisset
1663 1053 1788 1137 (οὐκ
1822 1055 2127 1138 ἔγραψα)...
2161 1055 2222 1116 τὸ
2256 1054 2511 1137 καύχημά
2548 1079 2650 1135 μου
2681 1055 2765 1116 ἵνα
2807 1079 2883 1122 τις

745 1165 966 1224 κενώσει
989 1161 1075 1244 (V.
1117 1161 1216 1243 15)
1244 1171 1355 1225 aut
1383 1163 1594 1242 potius
1622 1161 1705 1223 ἵνα
1736 1162 1813 1244 μὴ
1841 1168 2042 1245 κενωθῇ
2071 1164 2133 1224 τὸ
2160 1162 2415 1245 καύχημά
2446 1187 2565 1242 μου.

1688 1378 1788 1454 X,
1842 1376 1935 1441 13.

825 1593 926 1656 Ad
956 1593 1230 1655 arduum
1264 1613 1323 1655 v·
1359 1593 1759 1669 accedimuS,
1794 1611 1991 1672 quem
2022 1592 2245 1656 nullus
2276 1602 2771 1672 commentator,
2803 1612 2885 1655 ne

747 1701 937 1764 Godet
981 1701 1282 1781 quidem,
1322 1701 1635 1762 hactenus
1681 1702 1770 1761 ita
1821 1701 2121 1779 expedire
2169 1701 2403 1781 potuit,
2440 1709 2509 1763 ut
2549 1701 2885 1764 commode

749 1806 1067 1887 facileque
1119 1825 1268 1869 cum
1330 1807 1761 1888 praegressiS,
1821 1815 1956 1868 tum
2013 1808 2435 1887 sequentibus
2485 1808 2884 1871 adhaereret.

748 1914 1097 1977 Affirmare
1127 1924 1339 1979 tamen
1370 1916 1581 1977 ausim
1608 1915 2090 1977 cohaerentiam
2120 1916 2187 1977 in
2210 1915 2395 1977 Pauli
2424 1924 2639 1978 mente
2660 1916 2884 1990 fuisse,

746 2038 943 2102 quam
976 2023 1165 2085 etiam
1198 2022 1447 2084 curavit
1476 2030 1544 2084 ut
1574 2042 1634 2083 v,
1668 2020 1847 2104 διόπερ
1874 2021 1965 2102 (v,
2007 2023 2099 2100 14)
2133 2022 2465 2086 indicaret.
2489 2058 2564 2067 —-
2594 2022 2684 2085 Ut
2712 2023 2889 2084 hunc

751 2148 812 2189 v.
850 2127 925 2192 13
962 2129 1442 2207 intelligamuS‚
1481 2139 1737 2192 utamur
1765 2151 1828 2192 v.
1862 2130 1898 2191 9
1932 2138 1994 2191 et
2024 2129 2228 2191 21-22.
2266 2130 2501 2191 Nonne
2531 2130 2709 2192 vides
2746 2128 2888 2192 voci

748 2235 1039 2320 πειρασμός
1069 2237 1364 2299 eamdem
1398 2239 1526 2299 vim
1560 2237 1838 2299 dandam
1871 2255 2009 2299 esse
2051 2256 2122 2299 ac
2154 2238 2348 2299 verbo
2377 2238 2797 2320 ἐκπειράζωμεν,
2829 2245 2892 2298 et

752 2344 1015 2407 verbum
1056 2343 1271 2405 δύνασθε
1313 2345 1535 2407 eodem
1580 2344 1771 2408 modo
1817 2362 1894 2408 ac
1941 2347 2135 2409 verba
2177 2343 2397 2406 δύνασθε
2427 2344 2513 2426 (v.
2550 2345 2655 2426 21)
2683 2343 2885 2424 expli·

751 2450 1028 2512 candum
1048 2452 1077 2512 ‘?
1105 2451 1396 2515 Emendo
1422 2452 1623 2530 igitur
1660 2473 1675 2514 ε
2210 2458 2213 2463 “

831 2558 1139 2640 Πειρασμὸς
1167 2562 1305 2637 ὑμᾶς
1331 2558 1429 2619 οὐκ
1458 2558 1699 2643 εἴληφενς
1722 2561 1961 2622 Nonne
1986 2577 2098 2622 voS
2128 2559 2398 2621 tentatio
2426 2557 2888 2639 apprehendit?

753 2664 887 2726 Vox
922 2664 1212 2747 πειρασμός
1241 2664 1384 2741 hic,
1420 2673 1494 2728 ut
1528 2666 1598 2726 in
1637 2666 1837 2728 Hebr.
1877 2667 2013 2742 111,
2055 2667 2091 2727 8
2127 2675 2187 2728 et
2222 2665 2293 2727 in
2331 2666 2673 2728 nonnullis
2704 2667 2888 2728 LXX

750 2772 905 2835 locis
951 2771 1326 2853 explicanda
1364 2795 1379 2836 ι
1433 2774 1699 2837 tentatio
1745 2775 1826 2837 ab
1872 2775 2260 2838 hominibus
2306 2775 2443 2837 Deo
2485 2775 2684 2847 sacta,
2733 2775 2777 2834 i.
2828 2791 2885 2835 e.

751 2879 1017 2944 rebellio
1067 2888 1286 2942 contra
1334 2882 1580 2959 Deum,
1613 2900 1740 2961 qua
1789 2884 1931 2962 ejus
1977 2882 2260 2963 potentia
2311 2900 2383 2943 ac
2425 2882 2675 2962 Justitia
2706 2880 2889 2959 quasi

751 2986 1117 3069 exploratur
1147 2995 1208 3050 et
1236 2988 1316 3049 ad
1345 2989 1813 3052 ostendendam
1847 3008 1914 3052 se
1946 2997 2348 3068 provocatur.

829 3097 923 3155 Οὐ
951 3093 1026 3175 μὴ
1055 3094 1413 3176 ἀνθρώπινοι;
1452 3113 1671 3158 nonne
1705 3095 2011 3158 homines
2041 3094 2373 3176 (humani)
2403 3096 2556 3158 estis
2589 3095 2714 3176 (Cf.
2748 3096 2899 3171 111,·

750 3200 930 3278 3-4)?
963 3203 1294 3281 Frequens
1328 3211 1423 3264 est
1458 3203 1754 3265 confusio
1787 3221 2019 3266 vocum
2053 3203 2117 3263 οὐ
2151 3213 2212 3265 et
2241 3207 2288 3263 εἰ
2317 3201 2550 3284 (Bast),
2583 3222 2708 3283 qua
2743 3222 2889 3283 per-

750 3314 1014 3386 petrata,
1048 3325 1194 3369 cum
1225 3309 1385 3371 haec
1412 3311 1533 3371 tria
1561 3310 1753 3372 verba
1779 3328 1924 3372 cum
1951 3310 2486 3373 antecedentibus
2516 3310 2892 3390 colligaren-

752 3421 890 3489 tur,
925 3416 1360 3478 necessarium
1396 3417 1517 3479 fuit
1547 3417 1870 3496 corrigere
1900 3417 2212 3502 ἀνθρώπινοι
2249 3418 2320 3479 in
2350 3416 2687 3501 ἀνθρώπινος.

833 3521 1053 3599 Pergit
1088 3522 1328 3584 Paulus
1363 3549 1375 3583 :
1411 3524 1626 3586 fidelis
1668 3533 1884 3587 autem
1921 3526 2097 3588 Deus
2142 3534 2271 3601 est,
2305 3526 2417 3605 qui
2453 3544 2583 3588 non
2620 3526 2894 3604 patietur

752 3646 820 3689 se
849 3645 886 3690 a
915 3629 1093 3692 vobis
1129 3635 1354 3694 tentari
1390 3652 1580 3713 supra
1611 3633 1678 3695 id
1708 3633 1878 3714 quod
1913 3633 2194 3713 potestis
2229 3666 2305 3680 —
2338 3633 2579 3696 Sensus
2609 3634 2739 3714 adj.
2767 3657 2889 3693 πισ-

751 3734 839 3804 τός
866 3737 1103 3827 similis
1129 3739 1237 3802 hic
1267 3749 1360 3802 est
1389 3742 1680 3822 ejusdem
1710 3742 1841 3823 adj.
1873 3742 2103 3803 sensui
2138 3742 2203 3801 in
2235 3744 2269 3802 2
2295 3740 2465 3817 Cor.,
2494 3742 2546 3816 I,
2586 3741 2657 3802 18
2684 3741 2792 3803 ubi
2813 3728 2892 3802 ad

754 3844 1204 3908 vehementius
1228 3847 1688 3909 affirmandum
1715 3847 2064 3908 adhibetur
2088 3848 2288 3908 autin
2315 3849 2349 3907 2
2368 3846 2542 3908 Tim.
2567 3848 2656 3921 Il,
2686 3846 2755 3910 13
2783 3847 2895 3908 ubi

756 3950 836 4013 ad
868 3952 1251 4014 minandum
1287 3963 1654 4033 usurpatur.
1690 3987 1767 3998 —-
1799 3955 1924 4014 Pro
1960 3958 2328 4036 πειρασθῆναι,
2359 3971 2596 4034 repone
2625 3963 2889 4037 πειρᾶσαι.

760 4060 965 4120 Prava
998 4061 1190 4122 totius
1230 4059 1354 4122 loci
1402 4062 1840 4141 interpretatio
1884 4077 2077 4122 causa
2135 4061 2256 4121 fuit
2295 4078 2410 4122 cur
2458 4060 2580 4122 hoc
2619 4061 2895 4123 vocabu-

758 4162 894 4225 lum
938 4177 1455 4247 corrumperetur
1488 4188 1502 4229 :
1540 4187 1702 4247 quae
1736 4167 2184 4246 interpretatio
2214 4168 2379 4228 mihi
2422 4168 2679 4231 videtur
2713 4185 2785 4229 ex
2822 4184 2895 4229 eo

763 4279 909 4333 nata
931 4320 944 4346 ,
979 4273 1146 4350 qnod
1182 4291 1441 4335 sensum
1481 4291 1707 4336 vocum
1737 4272 2028 4357 πειρασμός
2059 4292 2133 4336 ac
2163 4273 2347 4341 πιστός
2380 4291 2511 4336 non
2556 4272 2892 4335 intellexe-

762 4388 915 4442 runt
955 4379 1223 4443 librarii.
1254 4383 1330 4441 In
1375 4381 1615 4443 unciali
1656 4383 1998 4461 scriptura,
2034 4381 2322 4462 syllabae
2352 4407 2441 4442 σαι
2475 4391 2536 4444 et
2563 4406 2650 4440 ουν
2687 4382 2894 4442 inter-
