3559 5609
1639 819 1785 883 x1v,
1821 821 1868 870 2.
2729 823 2812 873 131

686 934 768 996 In
799 935 1014 1011 Rom„
1048 935 1249 1010 VIII,
1284 935 1467 998 24-25
1499 934 1630 1013 legi
1665 943 1867 1015 potest
1899 960 1911 997 :
1948 936 2095 1004 ἐλπὶς
2127 934 2183 997 δὲ
2223 937 2520 1017 βλεπομένη
2551 938 2649 999 οὐκ
2681 937 2820 999 ἔστιν

688 1041 835 1109 ἐλπίς
869 1064 885 1080 ·
919 1039 949 1100 ὃ
978 1040 1080 1124 γὰρ
1115 1042 1297 1122 βλέπει
1328 1066 1441 1119 τις,
1473 1042 1525 1103 τί
1555 1042 1648 1103 καὶ
1685 1042 1924 1118 ἐλπίζει;
1955 1046 2002 1103 εἰ
2036 1040 2091 1103 δὲ
2127 1041 2157 1102 ὃ
2192 1043 2252 1103 οὐ
2289 1043 2582 1124 βλέπομεν,
2613 1043 2824 1114 ἐλπίζο·

685 1174 854 1230 μεν...
886 1149 997 1229 (cf.
1032 1150 1260 1226 Helm,
1292 1150 1427 1226 XI,
1466 1150 1546 1232 1).
1581 1150 1705 1212 Hic
1748 1167 2008 1231 quoque
2048 1151 2397 1230 opponitur
2435 1150 2660 1212 visioni
2696 1168 2824 1213 non

683 1252 845 1319 fides
882 1256 1148 1338 quidem
1174 1305 1189 1332 ,
1222 1257 1333 1319 sed
1367 1274 1526 1339 spes.
1559 1257 1640 1319 In
1677 1259 1701 1319 1
1738 1257 1912 1334 Cor.‚
1945 1257 2115 1319 XIII
2136 1305 2150 1333 ‚
2192 1258 2262 1319 12
2293 1265 2509 1319 autem
2545 1258 2828 1336 praecise

686 1364 765 1426 de
817 1351 1051 1427 visione
1100 1363 1416 1446 (βλέπομεν)
1464 1383 1676 1428 sermo
1722 1366 1866 1428 fuit.
1923 1366 1971 1426 F:
2020 1384 2082 1426 v,
2138 1365 2288 1427 8-12
2340 1365 2582 1427 Paulus
2631 1365 2830 1443 igitur

685 1471 1171 1534 conclusionem
1195 1489 1326 1534 non
1365 1471 1574 1535 solum
1606 1473 1686 1534 de
1715 1474 1976 1535 caritate
2003 1473 2360 1550 (nominata
2387 1473 2834 1552 descriptaque

686 1577 757 1638 in
788 1597 848 1639 v.
882 1578 976 1655 8),
1010 1578 1123 1640 sed
1153 1580 1348 1640 etiam
1387 1580 1465 1641 de
1500 1579 1627 1642 fide
1661 1597 1735 1641 ac
1767 1597 1878 1659 spe
1912 1597 2073 1659 quas
2109 1597 2239 1641 non
2284 1581 2652 1641 nominatas
2687 1579 2831 1641 des-

685 1686 907 1764 cripsit
937 1694 1178 1759 tamen,
1204 1686 1439 1748 ducere
1470 1694 1696 1765 potest.
1721 1720 1802 1733 —
1825 1686 2005 1747 Finis
2031 1705 2090 1747 v,
2121 1684 2195 1749 13
2218 1686 2558 1765 respondet
2580 1704 2641 1746 v,
2670 1684 2831 1760 XII,

687 1790 820 1861 311³,
856 1792 1020 1855 Cum
1062 1811 1256 1873 super
1293 1793 1515 1855 omnia
1547 1794 1792 1873 optima
1820 1791 1919 1855 'sit
1959 1792 2191 1855 caritas
2227 1791 2449 1874 (μείζων
2485 1791 2723 1873 πάντων)
2753 1824 2834 1840 -

687 1907 749 1963 et
786 1919 1040 1977 revera,
1080 1902 1134 1963 si
1168 1902 1560 1963 charismata
1604 1901 1891 1982 duasque
1934 1901 2093 1963 alias
2133 1902 2520 1963 christianas
2563 1902 2833 1963 virtutes

687 2015 983 2088 superat,
1017 2026 1301 2090 quonam
1342 2011 1631 2090 superari
1672 2009 1910 2089 possit?
1939 2042 2020 2057 —
2053 2009 2255 2089 digna
2294 2027 2451 2072 sane
2479 2012 2573 2073 est
2601 2009 2833 2071 caritas

684 2134 850 2197 quae
892 2116 1433 2179 excellentissima
1478 2118 1581 2179 via
1630 2126 1926 2193 vocetur,
1974 2115 2190 2195 ἡ,καθ’
2238 2117 2528 2201 ὓπερὸολὴν
2573 2116 2710 2185 ὁδός.
2753 2149 2831 2164 -

686 2223 1031 2288 Concludit
1057 2224 1380 2306 apostolus
1414 2247 1428 2288 z
1458 2249 1487 2282 «
1523 2226 1874 2289 Sectamini
1905 2227 2261 2289 caritatem.
2299 2250 2327 2283 n
2355 2227 2504 2289 Non
2539 2225 2831 2306 prohibet

688 2337 904 2394 tamen
942 2333 1183 2396 Paulus
1230 2334 1695 2396 charismatum
1749 2333 2166 2396 desiderium.
2204 2333 2405 2395 Addit
2453 2331 2769 2410 extemplo
2808 2351 2826 2393 ε

690 2464 722 2497 «
756 2440 1207 2502 Aemulamini
1239 2449 1452 2503 tamen
1484 2441 1823 2520 spiritalia.
1863 2466 1891 2496 n
1927 2441 2150 2503 Priore
2186 2441 2480 2503 muneris
2510 2440 2616 2502 sui
2653 2446 2830 2518 parte
2866 2494 2871 2498 .

688 2547 981 2624 functus,
1020 2547 1133 2609 illa
1176 2548 1420 2610 scilicet
1465 2565 1630 2627 quae
1678 2548 1782 2609 his
1818 2548 2030 2609 verbis
2064 2546 2159 2621 τὴν
2207 2544 2337 2608 καθ’
2377 2544 2675 2629 ὑπερὸολὴν
2712 2543 2830 2607 ὁδὸν

687 2657 810 2735 ὑμῖν
842 2654 1073 2735 δείκνυμι
1102 2655 1287 2736 (XII,
1322 2655 1425 2733 31)
1455 2654 1774 2716 indicatur
1794 2705 1807 2730 ,
1840 2656 1911 2716 in
1943 2673 2017 2717 eo
2047 2662 2142 2716 est
2175 2671 2352 2716 nunc
2383 2664 2452 2715 ut
2481 2653 2829 2733 posteriore

689 2762 1015 2841 fungatur.
1054 2763 1143 2825 Ut
1169 2762 1481 2842 promisso
1511 2769 1661 2836 stet,
1696 2761 2024 2840 reliquum
2056 2769 2151 2824 est
2184 2770 2250 2823 ut
2281 2762 2576 2823 ostendat
2603 2757 2671 2820 τὰ
2702 2757 2823 2839 μεί-

687 2872 811 2939 ζονα
864 2871 1171 2953 χαρίσματα
1220 2868 1414 2950 (XII,
1469 2867 1574 2948 31)
1620 2889 1634 2930 :
1687 2869 1862 2948 quod
1910 2870 2042 2946 agit
2097 2867 2373 2929 suadens
2427 2867 2826 2947 prophetiam

690 2976 909 3057 (XIV,
950 2977 1011 3038 1¹³
1043 2978 1166 3057 sq.)
1195 2993 1268 3038 ac
1310 2976 1750 3056 praescribens
1790 2977 1958 3037 inter
1998 2974 2344 3054 spiritalia,
2377 2972 2490 3035 illa
2536 2990 2825 3053 praeser-

692 3084 809 3145 tim
872 3101 1182 3164 quaerere
1245 3101 1411 3165 quae
1471 3084 1553 3145 ad
1614 3082 2128 3144 aedificationem
2196 3081 2517 3144 Ecclesiae
2580 3079 2830 3160 prosint

692 3192 913 3275 (XIV,
952 3190 1074 3272 12).

1605 3407 1765 3470 XIV
1781 3458 1806 3485 „
1853 3409 1907 3470 2.
1970 3450 1975 3455 -

777 3677 974 3752 Licet,
994 3677 1349 3738 secundum
1361 3676 1854 3754 grammaticam
1870 3675 2106 3753 legem,
2122 3673 2380 3754 πνεύματι
2399 3701 2424 3728 α
2451 3675 2522 3734 in
2540 3673 2769 3754 spiritu
2796 3696 2823 3728 ι

692 3791 805 3846 aut
838 3808 866 3840 α
898 3802 937 3847 a
970 3784 1200 3865 spiritu
1236 3810 1262 3838 υ
1294 3783 1440 3866 (ope
1471 3785 1735 3864 spiritus
1764 3781 2004 3862 divini)
2034 3785 2302 3844 vertere.
2337 3781 2685 3844 Contextus
2714 3799 2832 3845 au-

699 3899 824 3953 tem
869 3892 1191 3972 postulare
1238 3891 1523 3967 videtur,
1574 3901 1641 3953 ut
1697 3908 1878 3953 voces
1919 3889 2178 3970 πνεύματι
2220 3892 2376 3951 λαλεῖ
2418 3888 2766 3951 reddantur
2813 3909 2827 3950 :

702 4021 731 4054 «
774 3998 1031 4079 spiritui
1081 3998 1367 4079 loquitur
1406 4022 1434 4055 1>
1470 3997 1577 4080 (cf.
1618 4001 1711 4075 2⁸,
1750 3997 1848 4075 3⁸,
1888 3999 1970 4075 6).
2011 3997 2218 4071 Quem
2262 3994 2549 4058 dativum
2597 3996 2833 4057 habere

701 4122 814 4186 pro
835 4105 1177 4183 commodi,
1213 4105 1327 4186 qui
1351 4105 1610 4181 dicitur,
1636 4105 1877 4184 dativo,
1909 4104 2159 4167 licitum
2192 4121 2345 4166 sane
2376 4108 2549 4182 put0,
2582 4119 2711 4164 non
2747 4108 2828 4162 ta-

695 4231 850 4277 men
882 4213 1156 4278 omnino
1189 4214 1650 4276 necessarium.
