3559 5609
1518 845 1569 908 1,
1610 843 1808 906 17-111‚
1846 845 1890 895 9.
2716 845 2776 896 1⁵

635 968 816 1027 λαλεῖν
845 970 970 1037 est,
1003 980 1134 1025 non
1166 963 1301 1041 ipso
1332 962 1497 1025 facto
1522 961 1820 1045 κηρύσσειν.
1856 961 1947 1022 Ex
1979 976 2107 1041 quo
2136 978 2177 1022 a
2201 960 2410 1043 priori
2434 960 2775 1024 conficitur

639 1091 757 1134 usu
791 1092 850 1132 v.
881 1073 1062 1132 λαλεῖν
1091 1068 1262 1130 nihil
1292 1070 1753 1144 demonstrari,
1788 1067 2310 1148 quandoquidem
2346 1068 2466 1131 hoc
2499 1069 2772 1131 verbum

638 1187 765 1241 tam
798 1178 964 1258 bene
987 1176 1069 1238 ad
1101 1176 1600 1255 praedicationes
1630 1192 1829 1255 quam
1858 1175 1940 1237 ad
1973 1192 2201 1237 omnes
2231 1191 2561 1237 sermones
2592 1193 2772 1255 spec-

642 1295 773 1348 tare
812 1285 1029 1366 possit.
1071 1283 1235 1347 Cum
1282 1285 1349 1344 in
1407 1304 1464 1345 v.
1511 1286 1691 1344 λαλεῖν
1739 1281 1932 1345 Godet
1976 1282 2208 1344 nititur
2262 1290 2329 1342 ut
2382 1283 2777 1345 demonstret

639 1393 867 1472 quales
895 1393 1026 1454 sint
1068 1408 1398 1452 sermones
1440 1390 1519 1452 de
1557 1390 1794 1469 quibus
1829 1389 2071 1467 agitur,
2107 1389 2177 1449 in
2221 1406 2295 1451 eo
2339 1389 2568 1451 nititur
2606 1390 2777 1468 quod

640 1499 1215 1563 demonstrandum
1248 1506 1363 1571 est,
1400 1515 1472 1560 ac
1494 1498 1847 1579 petitionem
1871 1514 1912 1558 a
1934 1496 2284 1577 principii-5,
2317 1513 2481 1577 quae
2513 1496 2772 1572 dicitur,

637 1606 981 1668 manifeste
1012 1606 1316 1666 admittit.

717 1712 1045 1776 Conemur
1072 1711 1273 1790 igitur
1299 1712 1635 1776 ostendere
1664 1730 1829 1791 quae
1860 1713 1943 1773 sit
1971 1711 2356 1792 perpetuitas
2386 1719 2448 1774 et
2476 1719 2773 1775 constan-

639 1822 724 1882 tia
759 1820 1226 1882 sententiarum
1266 1820 1334 1880 in
1372 1819 1474 1882 his
1511 1840 1570 1882 v.
1611 1838 1769 1901 quos
1806 1820 1911 1881 hic
1953 1829 2015 1881 et
2064 1836 2238 1882 nunc
2278 1820 2774 1900 circumspecta-

638 1946 784 1989 mus
811 1927 901 2009 (1)
939 1947 954 1990 :

720 2035 797 2095 In
845 2035 915 2111 Ι,
972 2035 1041 2096 12
1085 2042 1403 2098 sectarum
1458 2034 1701 2097 Paulus
1746 2035 2144 2097 mentionem
2190 2035 2376 2112 facit3
2426 2036 2495 2096 in
2540 2035 2642 2097 III
2672 2082 2685 2108 ,
2738 2034 2774 2096 4

638 2148 1096 2204 commemorat
1130 2159 1236 2203 eas
1265 2142 1535 2218 iterum,
1573 2141 1797 2202 minus
1830 2140 2018 2222 plene
2059 2140 2321 2221 quidem
2344 2188 2358 2216 ‚
2397 2140 2508 2202 sed
2541 2140 2774 2203 iisdem

639 2247 898 2309 verbis:
953 2248 1171 2310 omnia
1208 2265 1372 2329 quae
1425 2249 1597 2310 inter
1645 2247 1762 2311 hos
1812 2247 1939 2311 duo
1987 2268 2048 2309 v,
2104 2248 2770 2328 comprehendentur,

638 2352 1019 2434 explicanda
1067 2364 1259 2417 erunt
1301 2355 1404 2417 his
1440 2375 1498 2417 v.
1534 2354 2013 2435 adjuvantibus,
2060 2353 2303 2417 Contra
2338 2363 2539 2417 sectas
2571 2354 2773 2434 depu-

638 2477 838 2538 gnare
882 2461 1085 2523 Paulo
1128 2460 1523 2523 destinatum
1555 2469 1668 2523 est.
1719 2462 1799 2523 In
1840 2468 1963 2524 tota
2006 2461 2036 2520 Ι
2063 2506 2078 2534 ,
2134 2460 2384 2534 12-111,
2422 2460 2458 2519 4
2495 2459 2774 2541 explica-

641 2568 816 2631 tione
841 2567 919 2630 de
951 2586 1019 2630 se
1051 2567 1258 2632 Paulo
1289 2569 1479 2631 unice
1504 2568 1792 2649 loquitur
1814 2568 1957 2652 (περὶ
1990 2567 2241 2628 Ἀπολλώ
2267 2566 2460 2629 modo
2483 2567 2552 2628 in
2579 2568 2707 2647 ΙΙΙ,
2738 2570 2773 2630 5

639 2676 908 2737 verbum
940 2674 1146 2737 facere
1179 2675 1477 2756 incipit),
1516 2693 1590 2737 ac
1620 2676 1899 2740 fautores
1940 2693 2089 2739 suos
2122 2693 2326 2755 aeque
2366 2692 2440 2737 ac
2471 2675 2774 2738 adversa-

640 2782 767 2844 rios
801 2782 1161 2864 compellat.
1223 2784 1479 2845 Etenim
1513 2783 1571 2844 si
1600 2784 1879 2847 fautores
1902 2791 2168 2863 peccant
2190 2784 2305 2862 qui
2331 2782 2534 2846 Paulo
2563 2792 2774 2862 partes

570 2889 573 2894 '
641 2897 703 2950 et
755 2890 1140 2968 dignitatem
1197 2890 1488 2952 tribuunt
1543 2908 1676 2953 non
1740 2891 2079 2963 decenteS,
2131 2890 2488 2952 adversarii
2537 2892 2775 2970 pariter

641 2995 1053 3076 vituperandi
1078 2997 1194 3076 qui
1223 2999 1291 3058 in
1320 2996 1603 3059 similem
1633 3016 1707 3059 ac
1736 2998 2123 3060 contrariam
2155 2996 2413 3076 culpam
2445 2998 2771 3076 incidunt,

641 3120 713 3165 ac
756 3110 1125 3182 praeterea,
1165 3110 1233 3165 ut
1276 3105 1424 3182 jure
1471 3112 1738 3165 annotat
1790 3101 2015 3177 Godet,
2068 3104 2324 3183 propria
2377 3089 2530 3164 mali
2582 3122 2778 3165 causa

642 3218 857 3285 erant,
912 3210 1436 3290 quandoquidem
1486 3210 1675 3273 modo
1727 3210 1811 3271 ad
1870 3209 2305 3272 resistendum
2359 3218 2581 3273 contra
2629 3210 2772 3274 illos

642 3326 810 3380 secta
838 3316 1023 3381 Pauli
1054 3318 1357 3380 constitui
1390 3317 1615 3398 potuit.

701 3613 770 3676 (1)
814 3611 1015 3662 Inutile
1059 3626 1290 3676 prorsus
1335 3626 1449 3662 non
1487 3612 1591 3661 erit
1626 3613 1807 3661 obiter
1851 3611 2313 3676 significationem
2357 3611 2772 3679 oppositionum

640 3704 888 3765 praecise
911 3703 1141 3753 definire
1159 3704 1217 3750 in
1240 3702 1443 3765 quibus
1464 3703 1828 3752 involvuntur
1852 3716 2007 3752 mens
2028 3705 2369 3766 verbumque
2395 3701 2568 3754 Pauli.
2594 3704 2773 3769 Oppo-

638 3797 848 3840 nuntur
877 3793 996 3841 sine
1031 3792 1201 3841 dubio
1228 3793 1557 3856 πνευματικὸς
1586 3797 1640 3840 et
1669 3793 1893 3856 ψυχικὸς.
1933 3791 1993 3841 Ὅ
2022 3794 2227 3857 ψυχικὸς
2256 3797 2340 3842 est
2367 3794 2773 3843 non-christia-

640 3894 763 3929 nus,
802 3876 861 3930 Ὀ
887 3883 1217 3944 πνευματικὸς
1249 3882 1583 3930 christianus
1610 3882 1891 3943 perfectus
1922 3885 2022 3930 est.
2056 3879 2236 3930 Voces
2264 3883 2449 3938 τέλειος
2473 3887 2525 3932 et
2551 3898 2796 3947 πνευμα-,

639 3972 771 4028 τικὸς
808 3969 955 4018 idem
994 3971 1333 4033 significant,
1366 3976 1427 4019 ut
1466 3971 1710 4019 ostendit
1749 3971 2089 4033 comparatio
2121 3971 2217 4031 ΙΙΙ,
2258 3971 2276 4020 1
2318 3976 2372 4023 et
2406 3972 2486 4034 II,
2529 3973 2574 4022 6.
2623 3973 2771 4024 Inter

640 4060 774 4108 haec
805 4060 1080 4107 contraria
1107 4055 1437 4124 πνευματικὸς
1464 4059 1686 4123 (τέλειος)
1717 4064 1771 4108 et
1796 4061 2005 4124 ψυχικὸς
2028 4061 2173 4123 jacet
2208 4063 2235 4111 ὸ
2263 4062 2449 4124 νήπιος,
2482 4063 2577 4124 qui
2613 4063 2770 4125 quasi

641 4150 855 4198 medius
898 4149 1215 4198 intervenit.
1264 4149 1580 4213 Opponitur
1627 4150 1916 4198 manifeste
1955 4155 2027 4214 τῷ
2078 4148 2278 4216 τελείῳ,
2326 4151 2423 4200 sed
2471 4153 2772 4215 opponitur

639 4241 803 4289 etiam
833 4240 903 4303 τῷ
947 4240 1167 4303 ψυχικῷ,
1201 4253 1325 4288 cum
1354 4242 1381 4290 ὸ
1412 4241 1581 4300 νήπιος
1612 4241 1662 4289 ἐν
1692 4241 1887 4304 Χριστῷ
1925 4240 1997 4287 sit
2029 4253 2249 4302 revera,
2283 4242 2332 4291 ἐν
2361 4243 2559 4307 Χριστῷ
2589 4246 2773 4292 autem

637 4343 986 4392 nequaquam
1027 4330 1100 4378 sit
1138 4332 1165 4379 ὁ
1202 4331 1426 4394 ψυχικὸς.
1467 4356 1528 4365 —·
1574 4329 1635 4378 Si
1679 4330 1904 4395 σάρκινος
1942 4334 1997 4378 et
2035 4331 2267 4397 σαρκικὸς
2299 4331 2448 4380 idem
2484 4333 2671 4382 valent
2709 4348 2771 4383 ac

602 4449 613 4460 ,
640 4433 807 4471 voees
838 4421 1045 4484 ψυχικὸς
1073 4417 1392 4479 ειιιϊνήπιος,
1420 4432 1614 4481 parum
1644 4419 1733 4468 hic
1763 4420 1934 4468 refert
1963 4432 2066 4468 nec
2092 4419 2344 4482 judicare
2376 4422 2692 4484 suscipiam,
