3559 5609
1574 864 1670 928 1v,
1705 862 1751 914 5.
2671 864 2733 915 4³

605 986 871 1049 rinthiis
901 984 1089 1065 quasi
1123 984 1467 1063 subjecerit
1492 979 1622 1064 (III
1648 1031 1662 1058 ,
1703 980 1808 1062 22)
1840 1004 1855 1041 t
1890 997 2036 1041 cum
2078 978 2337 1041 Christo
2377 979 2516 1057 ipso
2553 979 2730 1041 enim
2801 995 2808 1002 ·

517 1105 534 1119 ·
605 1110 735 1156 non
772 1091 962 1154 aliter
996 1110 1062 1152 se
1091 1091 1256 1170 gerit
1288 1089 1431 1173 (VI,
1473 1088 1595 1171 13).
1639 1089 1784 1151 Duo
1813 1093 1964 1149 sunt
1987 1085 2171 1166 quasi
2202 1084 2417 1146 vultus
2449 1086 2732 1147 veritatis

603 1201 716 1281 qui
752 1218 969 1263 secum
1004 1217 1131 1260 nou
1166 1205 1475 1280 puguant.
1511 1198 1637 1259 Pro
1662 1194 2033 1258 christianis
2069 1191 2242 1255 enim
2277 1191 2478 1260 Paulo
2509 1192 2731 1255 datum

603 1308 764 1384 fuit,
797 1308 967 1389 quod
1000 1307 1123 1368 sibi
1171 1307 1495 1379 vindicat,
1542 1305 1934 1385 imperium,
1978 1302 2116 1365 scil.
2166 1309 2420 1382 propter
2466 1299 2727 1364 illorum

603 1415 936 1496 spirituale
965 1413 1398 1478 commodum.

1545 1657 1678 1733 IV,
1727 1657 1782 1717 5.

684 1903 896 1964 Durae
921 1899 1439 1979 rejiciendaeque
1457 1904 1618 1961 sunt
1639 1898 2097 1978 explicationes
2122 1918 2282 1980 quas
2302 1900 2687 1981 interpretes
2708 1945 2726 1975 ,

604 2027 732 2072 non
765 2019 1029 2088 excepto
1062 2006 1251 2069 Godet
1273 2055 1287 2081 ,
1320 2006 1400 2067 de
1438 2023 1589 2068 voce
1616 2006 1708 2067 καί
1743 2006 1813 2067 in
1846 2006 1914 2069 h.
1956 2026 2018 2068 v,
2056 2007 2208 2069 dare
2241 2006 2607 2070 voluerunt.

678 2117 888 2191 Quam
932 2132 1194 2190 vocem,
1248 2132 1434 2189 cum,
1492 2123 1562 2176 ut
1608 2115 1747 2194 jam
1812 2112 2133 2188 vidimus„
2196 2117 2266 2176 in
2327 2114 2464 2177 cod.
2517 2131 2725 2193 graec.

598 2226 707 2287 lat.
742 2242 873 2287 non
907 2224 1196 2303 legatur,
1252 2224 1520 2286 sortasse
1559 2225 1981 2302 expunxerim
2039 2230 2349 2302 tanquam
2395 2241 2469 2284 ex
2519 2220 2633 2285 illo
2679 2244 2729 2281 τι

600 2354 661 2394 v.
701 2336 737 2396 2
775 2342 1014 2408 natam,
1049 2331 1219 2413 quod
1254 2349 1288 2393 e
1320 2330 1557 2394 codicis
1589 2330 1890 2407 margine
1923 2329 1994 2390 in
2026 2336 2270 2392 textum
2315 2328 2483 2391 male
2520 2329 2726 2408 irrep-

599 2441 770 2501 serit.

680 2546 804 2608 Sed
834 2545 948 2609 illo
993 2547 1187 2609 verbo
1228 2547 1321 2608 καί
1363 2564 1493 2609 non
1523 2546 1796 2608 omnino
1825 2545 2067 2622 deleto,
2104 2545 2463 2625 cogitabam
2495 2562 2578 2606 an
2617 2563 2729 2625 pro

594 2656 684 2717 καὶ
713 2656 929 2739 φωτίσει
959 2653 1308 2733 legendum
1340 2663 1504 2716 esset
1537 2654 1840 2738 ἐκφωτίσει.
1884 2655 2217 2733 Frequens
2249 2654 2429 2715 enim
2462 2662 2554 2714 est
2582 2669 2729 2716 con-

599 2764 766 2825 fusio
812 2781 1042 2825 vocum
1086 2766 1146 2823 ἐκ
1199 2770 1261 2823 et
1311 2763 1403 2823 καί
1464 2761 1702 2843 (Bast);
1759 2762 2141 2841 infrequens
2189 2769 2411 2824 contra
2458 2762 2727 2823 verbum

599 2871 901 2954 ἐκφωτίζω,
951 2870 1122 2951 quod
1163 2870 1234 2930 in
1288 2871 1533 2948 graecis
1585 2870 1698 2948 qui
1747 2869 1829 2930 ad
1879 2887 1994 2931 nos
2040 2888 2389 2948 pervenere
2431 2868 2615 2932 libris
2643 2918 2656 2944 ‚
2689 2887 2728 2928 a

598 2976 928 3037 Clemente
959 2975 1405 3038 Alexandrino
1435 2975 1572 3038 solo
1598 2983 1979 3054 usurpatum
2009 2976 2207 3038 fuisse
2231 2976 2508 3038 videtur.
2536 2975 2727 3037 Illius

597 3083 872 3145 mendae
902 3084 1033 3146 fere
1068 3085 1189 3145 hae
1219 3101 1449 3145 causae
1479 3091 1650 3144 sunt.

682 3190 919 3251 Lenius
952 3196 1164 3250 autem
1206 3190 1408 3268 possis
1442 3207 1605 3269 quae
1639 3190 1708 3251 in
1741 3188 1950 3251 Gebh.
1987 3189 2269 3252 editione
2300 3189 2619 3269 legantur,
2658 3198 2729 3253 ut

597 3315 772 3360 nunc
804 3297 966 3371 sint,
1003 3296 1365 3377 explanare.
1404 3297 1692 3377 Explana
1726 3299 1904 3360 enim
1941 3317 1958 3360 ε,
1992 3322 2022 3355 «
2177 3298 2592 3379 quoadusque
2621 3317 2725 3361 ve-

586 3407 729 3486 piat
765 3405 1121 3479 Dominus,
1154 3406 1265 3484 qui
1309 3406 1463 3485 (non
1505 3405 1711 3468 solum
1757 3406 2007 3480 veniet,
2050 3404 2189 3486 sed)
2231 3407 2424 3468 etiam
2477 3405 2725 3467 illumi-

592 3513 848 3576 nabit...
898 3536 928 3569 »
982 3512 1223 3574 Eodem
1264 3515 1762 3592 quoque.1nodo
1809 3514 2260 3593 explicandum
2309 3514 2471 3575 illud
2515 3513 2607 3574 καί
2653 3515 2722 3575 in

594 3621 657 3694 Ι,
698 3621 735 3681 8
763 3619 856 3700 (1)
890 3645 902 3681 :
938 3643 968 3677 «
1001 3619 1296 3681 Christus
1331 3620 1443 3700 qui
1487 3618 1626 3701 (vos
1659 3638 1788 3682 non
1821 3622 2028 3685 solum
2061 3621 2130 3682 in
2162 3622 2465 3684 omnibus
2494 3621 2725 3682 divites

595 3728 815 3788 fecit...
845 3736 1045 3801 etc...‚
1070 3727 1204 3807 sed)
1237 3728 1431 3788 etiam
1458 3728 1866 3790 confirmabit
1890 3746 2076 3792 voe...
2109 3752 2137 3784 n
2166 3728 2261 3789 Ad
2292 3746 2487 3808 quem
2512 3726 2723 3789 locum

594 3833 736 3910 lege
770 3832 958 3896 Godet
1002 3836 1385 3896 scribentem
1422 3859 1434 3896 ε
1481 3859 1509 3890 α
1548 3836 1633 3896 Le
1666 3836 1757 3895 καί
1793 3835 2072 3915 rappelle
2104 3854 2227 3915 que
2260 3835 2523 3899 l’oeuvre
2553 3838 2590 3896 a
2617 3841 2722 3897 a'c-

595 3940 866 4020 complir
910 3958 1178 4016 encore,
1224 3960 1305 4003 ne
1355 3960 1496 4003 sera
1536 3960 1660 4021 que
1704 3941 1766 4002 la
1820 3941 2105 4020 legitime
2149 3943 2594 4005 continuation
2642 3943 2723 4004 de
2825 3928 2830 3933 ’

593 4047 754 4110 celle
782 4048 1016 4128 qui'est
1046 4048 1188 4128 deja
1216 4054 1439 4129 operee
1469 4050 1622 4113 chez
1653 4069 1774 4112 eux
1804 4048 1919 4130 (2).
1947 4073 1975 4105 n

654 4332 717 4396 (1)
749 4329 831 4382 Cf.
865 4332 885 4381 1
920 4330 1134 4390 Thess.,
1168 4328 1235 4392 V,
1262 4328 1341 4380 24.

655 4422 719 4486 (2)
751 4422 832 4473 Cf.
862 4427 1046 4473 tamen
1075 4436 1217 4486 quae
1248 4435 1417 4486 supra
1446 4422 1514 4472 de
1543 4422 1595 4472 h.
1628 4422 1662 4473 l.
1695 4422 1956 4474 diximus·
