3559 5609
1539 880 1669 947 vn,
1708 879 1877 932 18-24.
2715 879 2777 931 τε

645 1021 778 1066 non
810 1006 1036 1078 σώσεις,
1075 1008 1147 1063 ut
1176 1001 1506 1081 proposuit
1530 996 1810 1074 Rilckert,
1845 997 1957 1060 sed
1984 988 2145 1065 οἶδας.
2184 995 2462 1060 Nullum
2493 997 2773 1078 profecto

644 1110 1010 1188 exemplum
1063 1107 1303 1171 similis
1351 1107 1529 1170 vocis
1590 1109 1636 1167 εἰ
1683 1105 1760 1186 μή
1810 1121 1971 1167 usus
2014 1104 2266 1181 afferri,
2309 1104 2481 1183 quod
2525 1105 2769 1185 sciam,

644 1224 864 1298 potest.
907 1214 1100 1279 Godet
1141 1221 1358 1277 autem
1404 1214 1685 1295 illosque
1728 1230 1894 1293 quos
1938 1211 2236 1292 sequitur
2278 1212 2555 1275 minime
2596 1212 2775 1276 decet

643 1325 805 1388 illud
841 1324 1253 1403 exprobrare,
1286 1339 1438 1384 cum
1473 1339 1699 1385 eorum
1734 1320 2176 1399 interpretatio
2212 1320 2283 1381 in
2318 1321 2543 1383 eadem
2578 1336 2776 1385 causa

646 1434 830 1497 sitae
862 1449 1041 1502 mea,
1075 1449 1242 1512 quae
1274 1438 1561 1493 ceterum
1605 1429 2098 1509 grammaticam
2138 1428 2520 1508 neutiquam
2569 1434 2769 1492 teme-

640 1547 735 1601 rat
770 1558 785 1602 ε
820 1557 972 1601 nam
1004 1538 1252 1616 ellipsis
1287 1538 1478 1601 modo
1508 1537 1926 1600 admittenda.
1969 1536 2125 1598 Tota
2156 1534 2458 1614 periodus
2488 1535 2721 1598 fuisset
2753 1559 2766 1596 ε

638 1650 683 1708 εἰ
712 1645 791 1727 μὴ
825 1639 968 1714 οἶδας
986 1695 999 1722 ,
1031 1645 1181 1728 ἄνερ,
1216 1648 1262 1705 εἷ
1291 1643 1385 1718 τὴν
1405 1656 1624 1725 γυναῖκα
1654 1642 1869 1719 σώσεις,
1894 1643 1986 1704 καὶ
2015 1646 2061 1704 εἷ
2091 1640 2170 1722 μὴ
2203 1635 2369 1717 οἶδας,
2401 1641 2575 1721 γύναι,
2609 1645 2655 1703 εἰ
2683 1641 2773 1703 τὸν

639 1741 798 1838 ἄνδρα
827 1756 1055 1827 σώσεις,
1110 1753 1321 1837 ἑκάστῳ
1359 1757 1508 1820 ὡς...
1558 1752 1760 1830 Copia
1806 1751 2150 1813 verborum
2184 1767 2351 1828 quae
2391 1748 2677 1828 suppleri
2710 1753 2772 1811 et

638 1861 856 1924 iterari
882 1860 1288 1934 debuissent,
1318 1876 1514 1921 causa
1539 1858 1666 1919 fuit
1691 1876 1809 1920 cur
1835 1857 1993 1920 haec
2016 1856 2205 1919 verba
2234 1856 2477 1919 omissa
2499 1856 2765 1919 fuerint.

642 1968 906 2048 Neque,
958 1968 1015 2030 si
1065 1967 1314 2056 ellipsis
1357 1967 1674 2046 quaedam
1723 1971 2155 2045 proponatur,
2191 1966 2337 2044 jure
2378 1961 2769 2044 expostulari

644 2082 842 2153 potest
887 2082 958 2137 ut
1000 2075 1356 2137 afferantur
1397 2091 1657 2154 quoque
1687 2073 1979 2151 exempla
2009 2072 2281 2136 omuino
2331 2070 2479 2133 talis
2519 2069 2769 2149 ellipsis

639 2181 906 2244 similia.

639 2396 758 2457 1V⁰
798 2430 878 2442 —
925 2395 1123 2458 18-24.
1163 2429 1244 2441 —
1275 2395 1584 2474 Diqressio
1627 2394 1693 2454 in
1735 2411 1861 2474 qua
1900 2393 2352 2455 circumcisioni
2382 2410 2455 2455 ac
2487 2391 2770 2454 servituti

715 2502 1207 2565 accommodatur
1255 2502 1554 2564 sententia
1604 2501 1944 2563 communis
2000 2523 2016 2561 .·
2065 2500 2478 2581 unusquisque
2531 2499 2600 2560 in
2644 2515 2768 2579 qua

714 2609 1025 2674 vocatione
1054 2618 1305 2673 vocatus
1334 2617 1442 2686 est,
1480 2611 1547 2672 in
1572 2628 1645 2672 ea
1669 2616 2051 2690 permaneat.

714 2824 908 2887 Nunc
936 2825 1015 2887 ad
1047 2844 1109 2887 v.
1142 2826 1210 2885 21
1245 2826 1438 2888 venio
1467 2825 1581 2905 qui
1614 2823 2086 2889 controversias
2126 2824 2365 2886 multas
2403 2824 2760 2888 suscitavit.

634 2932 1020 3009 Interpretes
1051 2948 1308 3007 omneS,
1344 2932 1516 3011 quod
1548 2931 1746 2993 sciam
1772 2979 1787 3006 ,
1824 2931 1891 2992 in
1924 2931 2087 2993 duas
2118 2936 2326 3009 partes
2355 2928 2707 2992 discessere
2748 2953 2759 2988 ι

634 3043 787 3100 sunt
815 3037 931 3117 qui
954 3038 1344 3099 contendant
1373 3036 1653 3100 Paulum
1684 3054 1904 3100 servos
1926 3037 2233 3113 suasisse,
2268 3044 2339 3097 ut
2368 3036 2758 3110 libertatem,

633 3146 689 3206 si
715 3153 1005 3223 possent,
1038 3144 1419 3207 festinanter
1447 3151 1936 3223 recuperarent3
1984 3151 2138 3208 sunt
2180 3149 2401 3207 contra
2434 3144 2552 3224 qui
2589 3160 2764 3206 asse-

631 3259 852 3315 verent
901 3252 1185 3314 Paulum
1243 3252 1392 3315 illos
1429 3252 1842 3316 dehortatum
1894 3270 2035 3317 esse
2082 3254 2458 3316 servitutem
2504 3269 2758 3315 exuere.

631 3358 924 3432 Quarum
955 3359 1235 3421 duarum
1272 3360 1883 3439 interpretationum
1930 3367 2189 3435 neutra,
2231 3378 2335 3423 me
2375 3360 2627 3440 judice,
2661 3375 2764 3422 ac-

630 3464 758 3543 cipi
792 3471 1013 3543 potost.
1060 3465 1148 3526 Hi
1180 3466 1385 3530 Paulo
1419 3467 1782 3530 doctrinam
1815 3469 2115 3531 tribuunt
2149 3486 2347 3548 quam
2384 3468 2526 3531 sine
2560 3467 2761 3531 dubio

632 3587 849 3633 servos
878 3571 1206 3648 apostolus
1237 3590 1369 3635 non
1405 3574 1683 3636 edocuit.
1721 3575 1828 3637 Illi
1863 3582 2079 3638 autern
2121 3575 2324 3637 Paulo
2354 3580 2759 3653 praeceptum

629 3678 952 3756 affingunt
984 3680 1157 3757 quod
1190 3678 1443 3760 liquido
1479 3683 1809 3744 contextui
1847 3682 2249 3746 contradicit.
2301 3682 2401 3744 Ne
2434 3681 2650 3743 fusius
2682 3681 2762 3744 de

629 3783 743 3845 illa
771 3785 1103 3847 uberrima
1129 3787 1400 3850 materia
1429 3788 1665 3863 dicam,
1699 3788 2233 3867 approbatoribus
2263 3790 2580 3867 cujusque
2611 3806 2761 3851 sen-

628 3893 867 3954 tentiae
897 3909 1123 3953 curam
1154 3893 1524 3973 relinquam
1554 3896 1824 3958 alterius
1857 3895 2140 3957 fautores
2170 3895 2504 3958 confutare
2539 3919 2552 3957 :
2586 3896 2755 3975 quod

627 3998 901 4061 feliciter
957 3995 1266 4062 omnibus
1342 4002 1596 4077 evonit3
1679 4002 1945 4064 illorum
2008 4002 2428 4065 refutationes
2490 4002 2759 4064 refutari

630 4112 984 4184 nequeunt.
1019 4104 1191 4167 Sitis
1221 4108 1344 4169 erit
1373 4108 1968 4187 interpretationem
1999 4126 2353 4188 proponere
2383 4126 2618 4172 novam
2654 4125 2761 4187 pa-

627 4212 784 4274 riter
813 4219 874 4274 et
909 4229 1165 4287 veram,
1204 4218 1277 4274 ut
1311 4215 1562 4293 opinor.

665 4400 671 4406 .
710 4320 1106 4400 Priusquam
1136 4322 1436 4401 exegesin
1472 4324 1847 4402 aggredior,
1881 4322 2114 4387 notabo
2134 4367 2149 4397 ,
2189 4321 2403 4386 verbis
2431 4323 2758 4387 membro-

627 4443 909 4510 rumque
939 4430 1404 4514 compositione
1440 4430 1630 4496 modo
1665 4429 1873 4496 obiter
1901 4430 2249 4516 perspectis
2278 4481 2290 4510 ,
2330 4430 2615 4493 dilucere
2659 4430 2756 4492 lo-
