3559 5609
1701 825 1776 884 X,
1819 823 1891 874 18.
2770 823 2857 871 103

726 941 877 1002 dum
926 941 1414 1004 confunduntur
1441 941 1665 1023 (Ba-st).
1701 941 1772 1003 Si
1802 939 2156 1003 recordaris
2185 949 2398 1002 autem
2432 941 2683 1003 crebras
2720 957 2857 1002 esse

723 1050 1132 1112 confusiones
1162 1072 1192 1109 o
1221 1058 1283 1111 et
1309 1054 1368 1125 θ,
1391 1074 1422 1108 υ
1452 1056 1514 1108 et
1545 1074 1591 1124 t,
1623 1073 1691 1123 η,
1725 1048 1909 1109 facile
1941 1045 2269 1124 intelligas
2297 1058 2543 1130 πειρᾶσαι
2572 1048 2640 1108 in
2670 1070 2856 1129 πειρα-

723 1162 814 1229 θην
849 1157 1080 1219 mutari
1122 1156 1433 1236 potuisse,
1469 1154 1639 1217 unde
1667 1159 2007 1237 πειρασθῆναι
2036 1163 2245 1215 ortum
2288 1164 2381 1216 est
2407 1154 2584 1235 (nam
2639 1155 2857 1216 tei-mi·

732 1264 1022 1325 nationes
1070 1264 1410 1325 verborum
1458 1279 1645 1343 saepe
1692 1262 2110 1336 omittuntur,
2146 1262 2539 1340 insuperque
2573 1260 2860 1341 syllabae

721 1377 785 1432 αθ
817 1380 878 1431 et
908 1378 970 1432 σθ
997 1369 1508 1433 confunduntur.
1531 1401 1610 1417 -—
1633 1367 1831 1449 Bast).
1857 1403 1934 1413 —
1968 1370 2110 1431 Huc
2143 1368 2466 1430 afferenda
2499 1376 2591 1428 est
2620 1369 2859 1448 optima

722 1479 1168 1558 interpretatio
1210 1495 1405 1558 quam
1443 1477 1633 1541 Godet
1677 1478 1756 1540 de
1800 1476 2015 1538 δύνασθε
2048 1477 2120 1538 in
2158 1495 2216 1537 ν.
2253 1477 2319 1537 21
2359 1476 2674 1556 proponit.
2707 1478 2857 1539 Non

715 1585 894 1666 jure,
925 1585 1035 1648 sed
1066 1586 1313 1667 reipsa,
1345 1585 1628 1665 potestis.
1820 1570 1827 1577 ’

803 1692 1145 1756 Concludit
1193 1692 1473 1773 denique
1523 1691 1766 1755 Paulus
1814 1716 1827 1752 :
1877 1716 1904 1747 ιι
1955 1691 2112 1766 Sed,
2155 1690 2263 1752 ubi
2314 1690 2600 1779 primum
2647 1692 2855 1753 Deum

722 1799 1083 1879 tentabitiS‚
1115 1799 1347 1861 efficiet
1374 1807 1444 1861 ut
1472 1817 1602 1861 non
1633 1797 1914 1879 amplius
1948 1816 2095 1859 eum
2129 1805 2370 1859 tentare
2402 1799 2675 1876 possitis,
2717 1823 2743 1854 n
2777 1832 2859 1845 -

718 1907 926 1983 Quem
978 1924 1242 1968 sensum
1295 1913 1366 1967 ut
1411 1906 1740 1981 obtineaS,
1796 1905 2120 1968 suffecerit
2164 1906 2483 1982 corrigere
2525 1908 2850 1986 ἐπενεγκεῖν.

720 2013 1234 2091 Praepositiones
1280 2011 1387 2073 ἀπό
1432 2021 1495 2075 et
1531 2013 1618 2073 ἐπί
1663 2030 1852 2092 saepe
1897 2021 2050 2074 sunt
2091 2014 2390 2088 confusa,
2426 2013 2746 2094 etiamque
2784 2014 2856 2076 in

715 2119 1078 2197 compositis
1115 2119 1328 2181 verbis
1353 2170 1366 2194 ‚
1401 2121 1616 2198 inquit
1645 2119 1799 2181 Bast
1826 2138 1848 2179 .·
1879 2137 2042 2199 quae
2091 2120 2325 2181 menda
2361 2137 2399 2180 a
2426 2121 2654 2182 ceteris
2688 2121 2849 2185 fluit.

712 2260 792 2276 -
836 2226 1227 2290 Praestiterit
1265 2226 1535 2289 fortasse
1588 2226 1938 2287 emendare
1980 2233 2072 2286 τοῦ
2119 2225 2368 2288 δύνασθαι
2407 2236 2489 2296 <
2524 2228 2614 2289 καὶ
2652 2240 2746 2289 τοῦ
2772 2238 2849 2299 >

712 2339 1032 2414 ὑπενεγκεῖν.
1069 2333 1390 2395 particula
1438 2333 1530 2394 καί
1566 2332 1672 2413 (---
1709 2332 1794 2413 αι)
1835 2334 2099 2395 evanuit
2144 2343 2206 2394 et
2257 2335 2717 2403 simulvocem
2760 2342 2852 2397 τοῦ

712 2441 970 2503 sustulit
1010 2439 1070 2520 (τ
1108 2469 1190 2493 ·--·-
1228 2466 1243 2501 ι
1293 2460 1307 2503 1
1355 2442 1554 2519 igitur
1598 2442 1767 2502 intel·
1807 2439 2052 2501 δύνασθαι
2083 2449 2145 2502 et
2175 2446 2479 2522 ὖπνεγκεῖν,
2514 2462 2572 2505 V.
2606 2450 2696 2503 τοῦ
2727 2444 2851 2505 fac-

713 2557 848 2610 tum
882 2556 976 2611 est
1003 2572 1031 2609 ο
1063 2548 1230 2628 quod
1262 2549 1572 2611 omissum
1605 2547 1748 2610 fuit.
1779 2581 1852 2595 —-
1885 2550 2016 2610 Aut
2045 2547 2293 2611 litterae
2324 2548 2386 2609 τό
2417 2568 2527 2631 pro
2554 2550 2669 2611 illa
2701 2560 2848 2612 nota

710 2656 1110 2718 existimatae
1141 2665 1292 2719 sunt
1315 2675 1442 2736 qua
1472 2655 1739 2718 lacunae
1763 2656 2251 2731 indicabantur;
2279 2669 2341 2720 et
2357 2659 2631 2720 alterum
2651 2659 2847 2738 hujus

710 2781 931 2824 versus
958 2765 1095 2842 ὑμᾶς
1127 2762 1296 2841 quod
1329 2781 1439 2841 per
1472 2764 1831 2839 marginem
1860 2763 1982 2825 iter
2011 2763 2182 2837 fecit,
2214 2769 2390 2838 (nam
2412 2766 2586 2827 varie
2606 2767 2677 2827 in
2702 2766 2843 2829 cod.

710 2869 1016 2951 ponitur),
1053 2888 1165 2950 pro
1196 2896 1227 2929 υ
1263 2868 1631 2932 restitutum
1670 2871 1796 2931 fuit
1831 2890 1845 2932 z
1883 2871 2186 2933 nonnulli
2228 2871 2378 2935 libri
2415 2872 2593 2934 enim
2628 2873 2724 2953 (ut
2758 2875 2847 2954 K)

706 2977 931 3057 legunt
975 2990 1070 3037 τοῦ
1118 2976 1363 3038 δύνασθαι
1410 2982 1546 3056 ὑμᾶς
1592 2978 1939 3058 ὑπενεγκεῖν).
1979 3011 2060 3024 —
2093 2979 2170 3038 In
2225 2979 2316 3041 ita
2364 2980 2655 3041 restituto
2708 2979 2845 3042 loco

705 3105 765 3147 v.
804 3085 1049 3146 δύνασθαι
1083 3105 1143 3146 v.
1179 3083 1394 3146 δύνασθε
1430 3086 1769 3165 respondet
1805 3094 1866 3146 et
1900 3104 1961 3148 V.
1998 3089 2299 3166 ὑπενεγκεῖν
2330 3106 2390 3147 V.
2424 3086 2591 3149 ἐάσει.
2630 3110 2659 3142 «
2697 3087 2839 3148 Non

707 3194 981 3274 patietur
1016 3194 1192 3255 Deus
1224 3212 1261 3253 a
1299 3192 1477 3255 vobis
1510 3210 1576 3252 se
1611 3193 1842 3255 tentari
1874 3210 2067 3271 supra
2095 3193 2160 3254 id
2193 3192 2362 3272 quod
2399 3193 2658 3272 potestis
2687 3216 2702 3269 3
2732 3194 2839 3254 sed

706 3319 853 3362 cum
887 3300 1117 3362 efficiet
1149 3307 1216 3361 ut
1242 3300 1421 3381 (eum
1458 3298 1730 3380 tentare)
1758 3317 1889 3361 non
1942 3300 2225 3379 possitiS,
2263 3307 2396 3362 tum
2431 3300 2685 3361 desinet
2714 3303 2840 3380 pati

708 3407 909 3485 (illam
967 3403 1437 3485 tentationem).
1478 3429 1505 3459 n
1539 3440 1619 3450 —
1651 3406 2148 3468 Aniniadvertes
2197 3407 2263 3466 in
2302 3407 2373 3467 T.
2414 3406 2486 3466 lt.
2523 3425 2582 3468 v.
2625 3407 2695 3470 13
2729 3408 2840 3469 ab·

707 3515 898 3575 surde
947 3512 1350 3575 concludere.
1399 3536 1425 3568 «
1460 3511 1626 3574 Cum
1675 3507 2025 3575 tentatione
2070 3515 2242 3575 Deus
2290 3515 2533 3576 exitum
2583 3532 2840 3595 quoque

705 3621 918 3696 dabit,
959 3630 1028 3681 ut
1071 3621 1238 3682 ferre
1289 3619 1702 3681 tentationem
1748 3621 2024 3698 possitiS.
2065 3645 2093 3676 »
2128 3622 2216 3682 At
2260 3621 2521 3699 quidem
2567 3623 2621 3682 si
2663 3623 2839 3683 Deus

704 3729 980 3803 exitum,
1014 3746 1101 3789 sc.
1133 3727 1332 3788 finem
1370 3725 1738 3787 tentationis
1769 3726 1909 3799 dat,
1943 3743 2073 3788 non
2100 3729 2237 3807 jam
2270 3729 2391 3788 erit
2418 3724 2594 3790 locus
2627 3737 2834 3791 tenta-

705 3836 943 3896 tionem
979 3833 1386 3895 terminatam
1426 3831 1699 3893 serendi!
1736 3834 1870 3892 Aut
1904 3853 1918 3893 :
1957 3833 2128 3894 Deus
2164 3833 2394 3896 efficiet
2427 3841 2492 3894 ut
2523 3835 2834 3896 desinatis

704 3958 882 4023 posse
914 3940 1332 4003 tentationem
1365 3938 1560 4014 ferre,
1595 3972 1671 3983 —
1702 3939 1874 4018 quod
1906 3941 2250 4002 absurdius
2283 3942 2477 4003 etiam
2511 3950 2629 4004 est.

1640 4156 1741 4231 X,
1796 4156 1887 4217 18.

787 4373 952 4437 Male
988 4393 1047 4433 v,
1081 4373 1319 4433 κοινωνοὶ
1360 4384 1453 4433 τοῦ
1485 4373 1850 4456 θυσιαστηρίου
1880 4372 1948 4434 in
1991 4375 2473 4438 commentariis
2515 4376 2829 4457 explicare
