3559 5609
867 840 927 888 32
1454 901 1467 915 .
1815 838 1921 902 11⁵1,
1963 839 2067 890 1-4.

1793 1063 1917 1136 III,
1958 1063 2083 1124 144.

947 1276 1362 1360 Conjecturas
1403 1295 1561 1356 quas
1592 1277 1728 1352 illi,
1764 1295 1867 1337 me
1901 1276 2158 1356 Judice‚
2193 1276 2423 1338 leviter
2452 1277 2735 1356 corrupti
2780 1291 3002 1340 versus

867 1383 1225 1464 postulant,
1274 1401 1421 1445 cum
1472 1402 1612 1445 mea
1653 1403 1792 1464 cap.
1828 1385 1892 1459 Ι,
1938 1385 2185 1460 17-ΙΙΙ,
2230 1385 2265 1446 9
2311 1385 2835 1463 interpretatione
2870 1402 3001 1447 non

864 1493 1195 1572 conjunxi,
1231 1510 1310 1553 ue
1347 1493 1517 1552 forte·
1537 1504 1795 1571 putares
1824 1493 1904 1552 ab
1933 1492 2062 1553 illis
2086 1493 2471 1571 conjecturis
2503 1492 2670 1553 hanc
2695 1492 3003 1571 interpre-

868 1602 1174 1664 tationem
1223 1601 1522 1680 pendere.
1574 1602 1716 1662 Imo
1765 1608 1988 1662 contra
2029 1601 2108 1661 ab
2155 1601 2685 1679 interpretatione
2723 1601 3006 1680 pendent

865 1710 1271 1789 conjecturae
1301 1726 1459 1788 quas
1490 1727 1666 1769 nunc
1702 1709 1990 1768 indicare
2022 1707 2228 1770 liceat.

949 1818 1318 1878 Membrum
1345 1820 1417 1884 ὡς
1444 1815 1644 1888 νηπίοις
1682 1819 1735 1875 ἐν
1768 1817 1981 1899 Χριστῷ
2015 1815 2246 1877 melius
2276 1816 2356 1876 ad
2384 1817 2524 1897 γάλα
2555 1815 2774 1878 ἐπότισα
2808 1834 3002 1896 quam
3039 1847 3048 1852 ·

864 1924 945 1985 ad
965 1926 1195 1997 λαλῆσαι
1222 1923 1593 1984 referretur.
1622 1922 1825 1995 Νῆπιος
1845 1920 1933 2002 (νη
1958 1957 2035 1966 -
2059 1921 2198 1998 ἔπος)
2227 1920 2440 2002 infans
2462 1924 2782 2000 significat
2801 1922 3000 2003 (sens.

868 2029 1268 2111 etymolog.).
1300 2030 1587 2108 Scriptor
1619 2029 1876 2109 epistol.
1924 2029 2003 2090 ad
2043 2029 2239 2090 Hebr.
2286 2029 2475 2107 plane
2513 2028 3003 2108 figurae-fidelis

867 2139 990 2200 suit
1040 2156 1186 2219 cum
1231 2138 1482 2215 Scripsit
1518 2159 1531 2198 :
1570 2137 1780 2219 ἄπειρος
1826 2135 2023 2216 λόγου
2066 2134 2393 2209 δικαιοσύνης
2439 2159 2454 2225 ᾗ
2492 2136 2694 2214 (νήπιος
2731 2137 2830 2219 γάρ
2871 2137 3002 2213 ἐστι)

865 2246 973 2327 (V,
1018 2244 1140 2326 13).
1177 2246 1349 2306 Puer
1397 2245 1579 2318 νήπιος
1613 2254 1828 2306 autern
1880 2261 2026 2305 cum
2074 2261 2207 2305 non
2239 2243 2447 2305 solum
2485 2261 2614 2305 non
2666 2243 2999 2323 loqpatur‚

867 2353 979 2416 sed
1029 2353 1220 2414 etiam
1264 2350 1598 2430 loquentes
1642 2369 1772 2413 non
1827 2351 2187 2428 intelligat,
2238 2350 2740 2430 praedicationes
2780 2366 3005 2429 capere

868 2476 1004 2522 non
1040 2466 1242 2538 potest
1268 2476 1429 2538 quas
1463 2458 1591 2537 ipsi
1621 2458 1887 2537 capiunt
1914 2458 2406 2540 σάρκινοι.-Ροτιό
2436 2465 2576 2537 post
2610 2455 2870 2538 σαρκίνοις
2902 2472 3002 2535 pe·

870 2566 1092 2629 riodus
1126 2585 1184 2626 v.
1228 2567 1252 2625 1
1288 2551 1578 2627 absoluta
1608 2574 1721 2639 est,
1758 2566 1914 2627 dum
1945 2571 2017 2633 ὡς
2054 2566 2376 2645 quoddam
2409 2583 2557 2627 curn
2594 2563 2815 2627 ἐπότισα
2848 2582 3004 2628 con-

864 2676 1166 2752 junctum
1199 2672 1440 2752 optime
1482 2671 1977 2750 intelligeretur.
2008 2675 2175 2751 Lege
2206 2674 2404 2750 igitur
2434 2697 2446 2734 :
2484 2677 2556 2741 ὡς
2588 2673 2868 2756 σαρκίνοις.
2911 2669 3003 2740 Ὡς

868 2781 1078 2854 νηπίους
1107 2782 1160 2839 ἐν
1191 2782 1405 2863 Χριστῷ
1441 2781 1581 2861 γάλα
1610 2784 1745 2859 ὑμᾶς
1775 2780 2017 2841 ἐπότισα.
2054 2781 2226 2842 Ordo
2255 2781 2593 2842 verborum
2631 2781 3002 2859 perspicuus

871 2896 986 2949 est.
1025 2888 1095 2949 Si
1137 2887 1378 2948 Paulus
1416 2892 1489 2955 ὥς
1530 2887 1743 2961 νηπίους
1782 2889 1835 2946 ἐν
1864 2889 2077 2971 Χριστῷ
2118 2888 2256 2968 γάλα
2299 2891 2435 2966 ὑμᾶς
2469 2885 2687 2946 ἐπότισα
2726 2904 2837 2964 pro
2865 2885 3003 2966 γάλα

869 2997 1006 3075 ὑμᾶς
1040 2993 1260 3054 ἐπότισα
1290 2998 1363 3062 ὡς
1390 2994 1601 3067 νηπίους
1633 2996 1909 3074 scripsit,
1943 3012 2073 3056 nou
2105 2994 2282 3055 aliud
2307 2992 2509 3055 voluit
2536 3011 2731 3072 quam
2752 2993 3004 3053 animos

870 3103 1361 3167 Corinthiorum
1390 3104 1458 3162 in
1490 3104 1651 3164 illud
1681 3103 1892 3175 νηπίους
1915 3103 2218 3180 defigere,
2247 3102 2415 3180 quod
2447 3100 2589 3180 plus
2616 3101 2783 3161 valet
2809 3118 3002 3180 quam

870 3211 1151 3293 σαρκίνοις.
1186 3210 1357 3283 Quin
1393 3212 1586 3271 etiam
1619 3211 1799 3270 velut
1829 3210 2041 3282 νηπίους
2072 3227 2181 3270 vos
2212 3209 2409 3270 habui
2438 3209 2453 3268 1
2490 3242 2569 3255 —-
2598 3208 2898 3270 Ceterum
2931 3208 3001 3267 in

873 3317 1116 3381 unciali
1147 3318 1463 3395 scriptura
1497 3316 1746 3378 litterae
1775 3342 1806 3375 υ
1838 3327 1898 3378 et
1928 3342 1943 3376 t
1973 3316 2164 3400 (quae
2194 3318 2326 3378 fere
2368 3317 2524 3378 item
2559 3316 3001 3394 exprimeban-

834 3420 1002 3505 '‘tur)
1032 3443 1219 3503 saepe
1258 3424 1766 3486 confunduntur.
1813 3424 2128 3485 Vicinitas
2165 3423 2438 3485 duorum
2471 3423 2538 3484 in
2585 3446 2661 3490 οις
2695 3421 2894 3484 dativ.
2932 3438 3004 3483 ac

871 3533 1149 3595 duorum
1181 3532 1467 3610 priorum
1497 3535 1568 3597 ὡς
1601 3531 1823 3592 mendi
1854 3549 2044 3592 causa
2074 3530 2215 3594 fuit.

951 3640 1198 3715 Quibus
1228 3639 1553 3713 correctiS,
1591 3639 1857 3700 observa
1888 3639 2095 3706 varias
2125 3638 2428 3699 lectiones
2457 3637 2547 3699 καὶ
2577 3641 2636 3697 οὔ
2667 3642 2856 3720 βρῶμα
2878 3683 2895 3712 ,
2925 3669 3005 3682 --

868 3748 986 3809 οὔτε
1018 3749 1217 3829 (quod
1262 3747 1536 3825 praefert
1575 3746 1782 3826 Codet)
1806 3795 1819 3822 ‚
1856 3779 1936 3790 —-
1966 3752 2052 3805 νῦν
2088 3745 2254 3824 (Sine
2287 3746 2384 3823 ἔτι)
2421 3763 2532 3824 pro
2571 3746 2646 3805 ἔτι
2673 3750 2778 3804 νῦν.
2812 3743 3000 3807 Veri-

871 3857 1170 3918 similiter
1207 3855 1448 3916 Paulus
1489 3854 1661 3915 dedit
1694 3875 1708 3915 ε
1747 3853 1989 3914 ἐπότισα.
2034 3852 2180 3912 οὔπω
2215 3855 2405 3934 βρῶμα
2443 3851 2542 3935 γὰρ
2582 3850 2843 3912 ἐδύνασθε.
2881 3848 3002 3910 ἀλλ’

868 3962 1003 4024 οὔτε
1031 3970 1115 4023 νῦν
1144 3962 1379 4035 δύνασθε,
1415 3962 1508 4022 ἔτι
1538 3986 1605 4022 τε
1634 3935 1877 4043 σαρκικοί
1907 3965 2049 4022 ἐστε.
2078 3962 2445 4021 Haeserunt
2476 3959 2725 4021 librarii
2760 3961 2828 4019 in
2863 3976 3003 4037 par-

874 4072 1066 4133 ticula
1094 4071 1194 4154 γοίρ
1225 4070 1315 4130 ita
1346 4070 1549 4148 posita
1579 4102 1657 4118 —-
1687 4070 1858 4148 quod
1891 4078 2106 4130 tamen
2144 4085 2272 4129 non
2310 4068 2579 4130 omnino
2622 4066 3005 4127 inusitatum

871 4187 965 4264 est
992 4177 1117 4258 (Cf.
1161 4176 1400 4238 Grimm
1429 4175 1584 4256 lex.)
1614 4209 1692 4223 -
1721 4184 1916 4254 atque
1950 4174 2022 4235 in
2050 4174 2262 4236 verbis
2291 4171 2411 4234 οὔτε
2438 4208 2516 4219 -
2544 4172 2624 4234 τέ.
2661 4174 2791 4234 Isto
2816 4170 3005 4233 modo

874 4294 1059 4346 natae
1093 4291 1247 4345 sunt
1272 4284 1547 4345 mendae
1589 4308 1601 4343 ι
2685 4289 2688 4290 ’

954 4392 1066 4455 Bis
1113 4392 1482 4454 restitutum
1530 4391 1675 4452 οὔπω
1724 4391 1903 4453 dedit
1935 4388 2081 4452 οὔπω
2125 4396 2313 4474 βρῶμα
2360 4389 2505 4452 οὔπω
2553 4390 2654 4474 γὰρ
2702 4387 2945 4450 ἐδύνασθε
2986 4406 3000 4449 :
