3559 5609
766 809 795 858 4
1600 806 2055 857 PROOEMIUM.

765 929 933 986 inter
962 925 1310 1004 composita
1346 925 1420 983 N.
1455 925 1531 984 T.·
1564 925 1796 1004 scripta
1827 934 1885 985 et
1914 925 2002 986 IV
2035 924 2363 988 saeculum
2397 925 2890 1005 praeterierunt,

764 1032 1005 1094 similes
1047 1025 1315 1092 mendas
1360 1038 1920 1111 perpetraverunt,
1970 1031 2138 1092 nihil
2188 1031 2378 1093 habet
2426 1031 2888 1109 dubitationis;

763 1138 933 1219 quod
962 1145 1178 1204 autem
1218 1153 1464 1199 errores
1488 1183 1502 1209 ,
1549 1156 1621 1198 ex
1666 1146 1841 1217 parte
1884 1136 2110 1200 saltem
2137 1187 2151 1214 ,
2184 1137 2478 1216 dignosci
2527 1139 2895 1219 corrigique

763 1252 1068 1325 possunt,
1102 1243 1156 1304 si
1193 1242 1340 1321 quis
1379 1242 1450 1304 in
1498 1244 1722 1305 critica
1755 1244 2172 1324 conjecturali
2215 1263 2561 1325 parumper
2604 1253 2894 1308 versatus

763 1351 988 1425 fuerit,
1026 1349 1247 1412 nullus
1276 1348 1624 1411 dubitabit.

846 1457 1161 1538 Equidem
1208 1456 1503 1517 animum
1543 1457 1851 1520 inducere
1897 1475 2028 1521 non
2082 1476 2340 1538 possum
2394 1458 2589 1538 huJus
2636 1459 2895 1523 criticae

763 1566 936 1644 leges
965 1581 1302 1643 exponere.
1359 1563 1575 1624 Liceat
1622 1563 1835 1626 dicere
1877 1566 2200 1645 quomodo
2254 1566 2378 1627 tria
2416 1583 2609 1647 opera
2652 1566 2888 1629 inscri-

762 1673 1007 1735 buntur
1030 1689 1193 1751 quae
1223 1670 1476 1749 saepius
1505 1670 1665 1745 cito,
1714 1688 1789 1732 ac
1821 1671 2147 1751 legentem
2177 1673 2291 1754 qui
2321 1675 2391 1734 in
2424 1691 2497 1736 eo
2533 1675 2616 1736 sit
2643 1683 2715 1736 ut
2747 1691 2893 1736 mea

763 1778 1196 1857 disputatione
1244 1777 1607 1839 offendatur
1637 1777 1737 1840 vel
1785 1769 1978 1839 illam'
2009 1778 2338 1855 derideat,
2388 1797 2641 1859 rogare,
2683 1789 2754 1843 ut
2781 1780 2892 1842 illa

762 1903 952 1966 opera
984 1866 1217 1962 ⁸legere
1270 1858 1424 1944 velit
1475 1883 1691 1965 (atque
1746 1886 1940 1946 etiam
1992 1885 2058 1946 in
2107 1885 2212 1947 his
2260 1887 2561 1966 operibus
2613 1887 2893 1950 indicata

762 1993 978 2075 opera)
1006 1991 1097 2074 (1)
1132 2017 1145 2053 z

845 2099 1086 2163 Fridcr.
1134 2100 1266 2161 Jac.
1316 2099 1517 2161 Bastii
1555 2100 1991 2161 commentatio
2030 2098 2576 2182 palaeoqraphica,
2626 2134 2708 2149 —
2756 2103 2823 2163 in
2873 2127 2884 2162 ε

767 2209 1052 2290 Greyorii
1101 2206 1408 2270 Corinthii
1448 2204 1592 2268 libri
1631 2204 1703 2267 dc
1746 2205 2019 2269 dialectis
2064 2205 2308 2289 linquae
2362 2226 2640 2291 9raecae.
2703 2210 2886 2271 Edid.

766 2313 1020 2397 Godofr.
1054 2317 1248 2377 Henr.
1281 2311 1596 2395 Schaefer.
1637 2314 1910 2392 Lipsiae,
1959 2315 2132 2376 1811.

841 2422 1066 2485 Studia
1099 2419 1635 2503 palaeoyraphica.
1686 2420 1953 2501 Scripsit
1987 2423 2040 2483 I.
2078 2422 2146 2483 G.
2195 2421 2515 2505 Vollyraff.
2553 2423 2887 2502 Lugduni·

765 2530 1176 2603 Batavorum,
1216 2528 1385 2589 1871.

842 2634 1247 2715 Bibliothequc
1282 2632 1353 2696 de
1386 2632 1606 2697 l’Ecolc
1629 2636 1913 2715 prolique
1942 2634 2049 2697 des
2077 2635 2291 2697 hautcs
2322 2634 2551 2711 dtuch,
2592 2636 2892 2698 10013301-

740 2743 924 2807 ·cule.
954 2741 1277 2804 Emercices
1301 2740 1590 2820 critiqucs
1610 2738 1681 2802 dc
1709 2740 1771 2802 la
1794 2740 2149 2824 confercncc
2173 2740 2244 2803 dc
2259 2739 2587 2823 philoloqic
2605 2759 2885 2824 qnoque,

759 2849 1083 2912 recueillis
1113 2857 1174 2910 et
1207 2847 1458 2924 rediges
1490 2866 1606 2929 par
1635 2850 1702 2908 E.
1749 2848 2072 2910 Tournier.

841 2955 1155 3036 Equidem
1191 2971 1320 3016 non
1353 2953 1521 3015 mihi
1559 2963 1810 3016 tantum
1842 2972 2051 3030 sumo,
2087 2962 2157 3016 ut
2188 2972 2415 3017 omnes
2446 2954 2551 3017 hic
2583 2973 2620 3017 a
2651 2972 2756 3018 me
2786 2955 2887 3018 vel

754 3064 1315 3142 interpretationes
1350 3060 1450 3123 vel
1475 3064 1875 3141 conjecturas
1918 3062 2271 3141 propositas
2301 3060 2558 3123 credam
2589 3062 2885 3125 demons-

758 3179 948 3232 tratas
979 3186 1053 3231 ac
1081 3177 1252 3231 certo
1286 3167 1588 3230 certiores
1610 3217 1623 3242 ,
1663 3178 1732 3231 ut
1767 3169 1975 3232 aiunt.
2010 3168 2169 3231 Cum
2209 3168 2447 3247 ubique
2470 3214 2484 3242 ‚
2536 3176 2673 3229 tum
2709 3186 2888 3248 prae-

754 3276 978 3339 sertim
1006 3276 1079 3335 in
1118 3274 1535 3354 conjecturali
1565 3273 1785 3336 critica
1809 3321 1826 3351 ‚
1859 3282 2106 3353 oportet
2131 3273 2405 3335 fiduciae
2429 3275 2711 3353 jungere
2740 3291 2884 3337 mo-

755 3384 1047 3446 destiam.
1086 3380 1576 3459 Felix-profecto
1607 3381 1660 3440 si
1703 3380 1875 3470 inter
1912 3398 2018 3442 eas
2061 3380 2317 3459 aliquae
2352 3379 2542 3442 modo
2585 3387 2647 3442 et
2684 3397 2888 3443 novae

754 3497 815 3551 et
845 3507 1033 3552 verae
1064 3487 1524 3548 invenirentur
1552 3536 1565 3562 ,
1605 3491 1659 3548 si
1694 3487 1814 3549 hoc
1843 3488 2068 3549 saltem
2104 3488 2432 3549 efficerent
2464 3494 2533 3547 ut
2561 3486 2884 3566 interpre-

756 3605 846 3658 tes
874 3595 1097 3670 futuri,
1126 3610 1275 3655 cum
1299 3593 1534 3673 scripta
1553 3593 1634 3653 N.
1654 3594 1724 3653 Τ.
1747 3594 2347 3672 interpretarentur,
2376 3591 2545 3653 hanc
2565 3593 2886 3655 rationem

753 3702 1112 3782 explicandi
1161 3700 1571 3775 adhiberent,
1612 3718 1738 3779 qua
1767 3699 1849 3760 N.
1897 3700 1966 3760 Τ.
2025 3698 2265 3761 melius
2313 3698 2593 3776 intelligi
2637 3708 2880 3779 posset,

752 3828 881 3889 qua
916 3810 1182 3871 scientia
1239 3807 1593 3886 theologica
1640 3826 1768 3870 non
1817 3808 2117 3886 profanae
2171 3805 2497 3868 videretur
2536 3808 2746 3887 impar
2784 3809 2885 3868 ni-

757 3935 984 3979 mium.

811 4161 878 4224 (l)
909 4161 989 4211 Cf.
1024 4161 1169 4208 illam
1199 4160 1418 4222 longam
1448 4158 1593 4222 apud
1626 4161 1905 4207 Tournier
1935 4158 2034 4222 (120
2064 4158 2349 4218 livraison,
2383 4158 2627 4218 Preface,
2663 4172 2714 4219 p.
2750 4169 2807 4206 lv
2831 4160 2884 4205 et

752 4263 825 4304 w,
860 4250 1006 4311 noto)
1045 4249 1532 4299 enumerationem.
