3559 5609
1530 859 1634 914 vn
1651 898 1665 923 ,
1704 861 1875 913 10-17.
2719 859 2784 913 '18

638 1005 765 1050 τοις.
818 979 964 1061 seq,
1014 978 1070 1041 δέ
1118 979 1364 1043 Paulus
1410 980 1492 1042 ad
1548 980 1959 1059 praecipuam
2006 978 2395 1041 sententiam
2444 976 2783 1041 revertitur

638 1089 719 1171 (ἐν
763 1086 1103 1172 &scip-hm).
1161 1089 1256 1149 De
1312 1104 1443 1167 quo
1495 1087 1847 1166 particulae
1898 1087 1955 1148 δέ
2001 1103 2126 1149 usu
2180 1089 2315 1164 jam
2371 1101 2583 1149 sermo
2628 1084 2778 1149 fuit.

643 1220 674 1254 «
701 1199 883 1259 Deus·
907 1213 1020 1259 vos
1049 1197 1119 1257 in
1154 1212 1308 1275 pace
1331 1196 1601 1270 vocavit,
1630 1218 1659 1250 »
1684 1195 1843 1256 dicit
1867 1194 2112 1256 Paulus
2130 1194 2522 1257 Christianis
2551 1194 2779 1275 eonju-

638 1304 833 1383 gibus
867 1304 985 1383 qui
1021 1302 1376 1366 connubiis
1406 1303 1768 1382 imparibus
1798 1302 2310 1382 conjunguntur.
2347 1300 2597 1364 Sensus
2633 1317 2781 1365 vero

639 1411 876 1473 horum
929 1430 988 1472 v.
1048 1428 1246 1472 sensu
1303 1411 1615 1471 definitur
1666 1410 1841 1472 verb.
1900 1426 2067 1488 quae
2117 1409 2187 1470 in
2239 1427 2301 1471 v,
2358 1409 2429 1470 18
2478 1408 2783 1471 similiter

638 1517 950 1595 leguntur
981 1534 996 1577 ζ
1031 1519 1083 1576 ἐν
1118 1514 1438 1600 ἀκροὸυστίᾳ
1471 1516 1745 1590 κέκληται.
1781 1516 2348 1591 Quemadmodum
2386 1515 2502 1576 alii
2533 1516 2603 1575 in
2647 1531 2777 1577 Sor-

639 1624 872 1696 vitnte‚
911 1623 1029 1684 alii
1075 1624 1141 1684 in
1184 1623 1685 1687 circumcisione
1719 1630 2064 1697 vocantur,
2101 1625 2413 1701 conjuges
2443 1622 2513 1683 in
2550 1622 2779 1700 conju-

639 1729 769 1809 gali
799 1731 929 1791 vita
962 1729 1213 1809 placida
1245 1736 1578 1792 vocantur.
1615 1731 1690 1791 In
1723 1748 1784 1791 v,
1826 1731 1895 1789 17
1932 1729 2178 1799 Paulus
2210 1746 2319 1792 eos
2350 1729 2576 1791 suadet
2606 1734 2676 1789 ut
2704 1727 2775 1788 in

639 1836 755 1898 illa
792 1836 924 1897 vita
964 1845 1268 1898 maneant
1300 1839 1391 1914 (ὡς
1431 1836 1760 1910 κέκληκεν...
1804 1835 2204 1918 περιπατείτω).
2239 1838 2385 1899 Duo
2422 1834 2777 1898 dissimiles

641 1959 873 2006 sensus
902 1943 1094 2005 verbo
1127 1943 1413 2018 κέκληκεν,
1447 1961 1596 2005 cum
1627 1943 1699 2004 in
1731 1943 2052 2013 locistam
2085 1944 2396 2022 proximis
2426 1947 2778 2021 usurpetur

639 2057 830 2131 atque
874 2051 1086 2113 media
1127 2052 1196 2111 in
1242 2051 1663 2130 explicatione
1705 2052 1772 2113 in
1822 2069 1953 2132 qua
1994 2058 2029 2125 ἡ
2072 2055 2258 2126 κλῆσις
2292 2051 2536 2130 primas
2571 2055 2778 2128 partes

640 2165 819 2236 agat,
853 2157 1052 2219 tribui
1085 2164 1439 2237 nequeunt.

722 2265 899 2327 Haec
950 2265 1432 2344 interpraetatio
1494 2265 1630 2329 sola
1680 2285 1737 2327 v.
1801 2268 1983 2327 16-17
2036 2267 2344 2345 exemplis
2401 2263 2776 2328 confirmari

642 2377 851 2451 posset
887 2372 1269 2452 nullamque
1298 2392 1372 2435 ex
1407 2378 1454 2434 εἰ
1487 2374 1564 2455 μή
1593 2371 1854 2437 ductam
1884 2374 2387 2437 controversiam
2418 2373 2722 2436 excitaret
2756 2390 2769 2433 :

590 2507 599 2514 ·
641 2478 1113 2543 subdistinctio
1142 2478 1218 2559 (,)
1250 2480 1417 2542 inter
1446 2484 1638 2549 σώσεις
1669 2489 1728 2544 et
1757 2485 1804 2543 εἰ
1832 2482 1907 2561 μή
1939 2482 2345 2561 reponenda3
2381 2487 2531 2543 nota
2555 2486 2772 2542 autem

640 2586 1170 2664 interrogationis
1199 2585 1279 2668 (ς)
1311 2597 1448 2666 post
1474 2589 1826 2672 περιπατείτω
1860 2589 2279 2652 restituenda.
2318 2613 2345 2645 ιι
2380 2588 2575 2652 Unde
2607 2587 2769 2662 sciS,

642 2693 901 2769 mulier,
937 2696 991 2755 si
1021 2694 1239 2756 virum
1268 2696 1519 2758 salvum
1548 2697 1770 2774 facies,
1796 2705 1908 2759 aut
1933 2698 2107 2760 unde
2132 2698 2283 2774 scis,
2312 2698 2434 2774 vir,
2465 2677 2520 2758 si
2546 2695 2775 2757 mulie-

639 2819 776 2863 rem
809 2803 1052 2864 salvam
1079 2803 1297 2878 facieS,
1329 2804 1457 2866 nisi
1484 2812 1578 2881 tu,
1610 2806 1874 2879 mulier,
1903 2823 2053 2868 cum
2084 2807 2221 2869 viro
2248 2812 2439 2881 actu,
2472 2804 2591 2880 vir,
2620 2820 2771 2866 eum

641 2926 839 2971 uxore
885 2910 1216 2990 conjuncti
1258 2912 1619 2975 maneatis?
1673 2937 1700 2969 n
1755 2915 1991 2993 lmper.
2046 2913 2396 2997 περιπατείτω
2440 2910 2774 2975 constituit

638 3014 981 3077 ἀνακόλουθον
1008 3016 1135 3098 (Cf.
1171 3018 1228 3093 Ι,
1263 3016 1374 3094 3¹3
1410 3019 1546 3096 III,
1580 3018 1704 3098 2¹).
1738 3020 1886 3082 Non
1922 3020 2287 3098 objicienda
2323 3025 2537 3083 essent
2580 3018 2774 3081 verba

638 3122 728 3182 καὶ
751 3121 991 3190 οὕτως...
1017 3125 1259 3185 διατάσσ.
1281 3125 1448 3210 Nam
1476 3126 1812 3188 referenda
1841 3127 1921 3188 ad
1952 3127 2288 3206 sequentia
2318 3144 2458 3189 esse
2487 3130 2768 3206 possent.

645 3253 671 3283 α
721 3230 798 3290 Et
841 3230 964 3292 isto
1008 3232 1199 3295 modo
1246 3232 1314 3293 in
1363 3234 1671 3296 omnibus
1714 3235 2006 3297 ecclesiis
2047 3235 2242 3297 doceo
2277 3233 2772 3296 :Circumcisus

639 3336 881 3416 aliquis
935 3344 1200 3401 vocatus
1251 3341 1391 3401 est?
1441 3348 1609 3402 ete...
1672 3365 1697 3396 n
1749 3342 2252 3404 Incommodum
2307 3349 2401 3404 est
2447 3342 2618 3421 quod
2667 3340 2768 3403 illi

640 3442 1153 3522 interpretationi
1210 3446 1406 3526 objici
1462 3454 1731 3525 possunt
1787 3466 1955 3528 quae
2007 3449 2197 3512 Godet
2253 3449 2767 3528 interpretationi

640 3551 1190 3628 exprobravimUS.
1226 3552 1403 3614 Num
1433 3553 1730 3616 Corinthi
1773 3556 1993 3616 mariti
2034 3564 2214 3617 erant
2253 3557 2412 3619 adeo
2446 3555 2659 3627 stulti,
2700 3563 2770 3617 ut

639 3656 772 3719 illis
802 3658 869 3718 in
904 3665 1187 3720 mentem
1218 3662 1500 3736 veniret,
1536 3680 1603 3724 se
1634 3681 1784 3724 curn
1819 3665 2079 3743 nuptias
2110 3665 2529 3739 dirimerent,
2563 3663 2770 3725 facul-

640 3769 832 3825 tatem
870 3781 1099 3827 uxores
1130 3766 1338 3829 salvas
1367 3763 1655 3830 faciendi
1681 3772 2095 3848 comparare?
2127 3771 2372 3832 Paulus
2406 3755 2534 3833 non
2567 3770 2767 3850 scrip-

639 3870 722 3931 sit
766 3874 813 3931 εἰ
860 3877 887 3945 ἡ
928 3872 1055 3952 γυνή
1100 3896 1194 3933 σου
1234 3876 1639 3952 σωθήσεται,
1673 3880 1720 3937 εἷ
1751 3882 1780 3937 ὁ
1814 3877 1943 3960 ἀνήρ
1988 3901 2082 3937 σου
2125 3879 2529 3954 σωθήσεται,
2564 3879 2676 3941 sed
2724 3885 2771 3941 εἰ

640 3980 901 4047 σώσεις.
951 3978 1119 4041 Cum
1165 3982 1293 4044 duo
1330 3985 1641 4063 conjuges
1680 3986 2176 4047 matrimonium
2222 3986 2518 4060 solvunt,
2576 4004 2766 4049 nemo

639 4091 734 4145 est
766 4085 879 4163 qui
925 4102 1054 4147 non
1091 4088 1324 4148 sentiat
1356 4108 1897 4171 unumquemque
1927 4111 2152 4155 eorum
2188 4095 2439 4172 copiam
2474 4095 2768 4157 amittere

638 4189 938 4251 animum
984 4192 1251 4255 alterius
1292 4198 1565 4273 urgendi
1612 4198 2136 4279 sollicitandique
2179 4209 2369 4280 atque
2414 4201 2601 4263 illum
2641 4202 2768 4266 sal-

640 4313 794 4357 vum
851 4296 1157 4359 faciendi.
1208 4299 1387 4376 Num
1451 4303 1840 4380 cogitatione
1900 4307 2063 4385 fingi
2120 4313 2323 4386 potest
2387 4325 2548 4371 uxor
2602 4327 2769 4390 quae

641 4419 862 4465 seeum
891 4403 1061 4467 dicat
1090 4429 1102 4465 :
1136 4430 1165 4462 «
1197 4406 1551 4472 divortium
1581 4410 1814 4475 faciam
1849 4420 1920 4477 ut
1947 4417 2119 4495 apud
2146 4418 2455 4481 maritum
2484 4419 2767 4483 auctori-
