3559 5609
1559 887 1636 937 IX
1647 926 1660 949 ‚
1696 887 1774 940 22.
2673 895 2734 945 97

603 990 902 1062 Ceterum
936 999 1127 1063 Pauli
1157 1002 1558 1065 ratiocinatio
1587 1003 1793 1066 multo
1816 1005 2059 1071 acutior
2090 1025 2162 1069 ac
2191 1009 2568 1072 concinnior
2593 1027 2733 1071 eva-

605 1105 699 1167 dit
739 1124 752 1165 :
794 1106 866 1169 Si
911 1105 1024 1169 alii
1060 1126 1193 1172 meo
1232 1111 1378 1188 Jure
1424 1110 1763 1189 fruuntur,
1802 1130 2022 1176 nonne
2063 1114 2217 1176 mihi
2260 1132 2389 1179 mco
2424 1117 2572 1197 jure
2605 1115 2737 1177 frui

602 1213 752 1278 licet
772 1214 806 1276 ¹?

684 1324 935 1387 Haereo
963 1324 1036 1386 in
1063 1341 1124 1385 v,
1157 1323 1435 1405 στέγομεν,
1469 1325 1641 1405 quod
1677 1327 2065 1389 sententiam
2097 1329 2423 1392 contextui
2450 1327 2735 1391 alienam

600 1431 867 1494 indicat.
888 1431 1155 1511 Corrige
1179 1433 1460 1516 σπείρομεν
1481 1431 1543 1513 (γ
1568 1461 1651 1487 =
1676 1459 1691 1494 ι
1720 1461 1802 1486 =
1827 1459 1859 1495 τ
1884 1462 1964 1486 =
1991 1460 2031 1496 π
2052 1459 2134 1491 --
2160 1460 2211 1519 ρ,
2238 1434 2580 1518 Vollyrafs).
2608 1438 2734 1498 Pro

600 1539 907 1602 adverbio
937 1538 1046 1619 (=
1072 1541 1378 1616 omnino,
1412 1540 1644 1620 quovis
1683 1542 1904 1618 modo,
1937 1544 2115 1604 omni
2157 1543 2225 1603 in
2260 1560 2329 1605 re
2360 1577 2437 1588 —-
2469 1542 2734 1624 Grimm)

599 1646 839 1709 habeas
869 1648 1064 1709 πάντα.
1103 1647 1519 1711 Seminamus
1549 1666 1804 1730 semper
1834 1657 1896 1710 et
1943 1649 2219 1729 ubique,
2255 1666 2578 1731 nusquam
2610 1667 2729 1712 au-

603 1760 733 1817 tem
777 1772 852 1818 ac
892 1772 1233 1835 nunquam
1276 1756 1586 1818 metimus
1624 1755 1732 1837 (cf.
1786 1775 1850 1820 ν.
1904 1755 2023 1837 11).
2072 1790 2151 1801 -
2204 1756 2379 1818 Fieri
2421 1765 2623 1838 potest
2670 1766 2737 1819 ut

599 1860 913 1924 mendum
947 1861 1252 1926 librarius
1295 1864 1725 1941 commiserit,
1771 1841 1947 1943 quod
1979 1865 2050 1926 in
2097 1865 2413 1927 memoria
2453 1876 2736 1928 servaret

601 1969 636 2030 2
665 1968 862 2046 Tim„
894 1969 986 2048 ΙΙ,
1024 1968 1118 2031 10.

1517 2188 1619 2251 IX
1644 2235 1659 2262 ‚
1708 2189 1807 2251 15.

681 2403 921 2466 Mirum
963 2403 1293 2466 neminem
1323 2401 1535 2467 adhuc
1577 2420 1841 2466 sensum
1889 2403 2549 2486 compositionemque
2580 2422 2723 2467 ver-

598 2511 830 2575 borum
867 2512 1302 2593 perspexisse,
1353 2528 1502 2574 cum
1549 2520 1760 2574 tamen
1808 2529 1909 2573 res
1947 2511 2085 2592 ipsa
2127 2520 2256 2575 tam
2305 2512 2498 2576 claris
2535 2531 2724 2592 argu-

584 2621 837 2682 mentis
873 2618 1102 2683 luceat.
1142 2620 1400 2682 Etenim
1436 2620 1652 2700 accipe
1686 2637 1835 2682 cum
1872 2618 2063 2683 Godet
2087 2619 2427 2683 lectionem
2456 2622 2626 2703 byz.,
2659 2622 2726 2683 id

598 2735 692 2790 est
720 2728 806 2789 ἵνα
828 2753 907 2798 τις
944 2746 1054 2808 pro
1081 2728 1246 2796 οὐδείς
1273 2775 1286 2803 ,
1318 2736 1381 2790 et
1411 2727 1778 2808 parenthesi
1806 2737 1993 2790 utens
2021 2729 2112 2790 sic
2142 2728 2346 2790 scribe
2385 2747 2399 2790 ε

675 2838 769 2896 οὐκ
797 2835 999 2919 ἔγραψα
1028 2834 1083 2896 δὲ
1114 2841 1281 2896 ταῦτα
1308 2834 1411 2895 ἵνα
1440 2833 1607 2903 οὕτως
1636 2833 1849 2914 γένηται
1880 2836 1935 2894 ἐν
1967 2835 2088 2915 ἐμοί
2112 2834 2297 2916 (καλὸν
2325 2837 2446 2918 γάρ
2471 2859 2562 2915 μοι
2592 2839 2729 2915 μᾶλ-

593 2947 682 3004 λον
712 2941 1034 3023 ἀποθανεῖν),
1056 2942 1092 3016 ἢ
1121 2942 1182 3003 τὸ
1209 2941 1465 3023 καύχημά
1496 2963 1599 3021 μου
1635 2941 1740 3001 ἵνα
1771 2966 1850 3008 τις
1879 2944 2100 3002 κενώσει
2135 2941 2268 3022 (vel
2300 2941 2550 3023 κενώσῃ).
2598 2940 2726 3004 Ἐὰν

594 3050 722 3135 γὰρ
761 3055 880 3114 κτλ.

676 3159 970 3222 Alterum
998 3157 1084 3218 ἵνα
1112 3176 1260 3220 cum
1299 3156 1506 3236 priore
1543 3157 1985 3237 conjungitur,
2020 3163 2081 3218 et
2115 3157 2305 3219 ambo
2339 3157 2419 3218 ad
2456 3156 2724 3220 verbum

593 3271 795 3355 ἔγραψα
839 3269 1175 3332 referenda
1208 3279 1361 3330 sunt
1402 3268 1563 3349 (non
1606 3269 1765 3331 haec
1813 3270 2022 3331 scribo
2074 3278 2146 3331 ut
2190 3268 2461 3347 gloriam
2513 3287 2725 3332 meam

593 3379 739 3460 quis
766 3378 1021 3439 irritam
1055 3376 1292 3458 faciat).
1324 3375 1888 3450 Quemadmodum
1917 3374 2118 3456 priori
2144 3374 2228 3437 ἵνα
2260 3376 2576 3456 posterius
2598 3394 2724 3439 res-

592 3486 830 3568 pondet
853 3535 867 3564 ,
900 3487 989 3549 ita
1016 3485 1331 3565 posterius
1358 3485 1458 3568 γάρ
1489 3502 1638 3546 cum
1669 3485 1881 3564 priore
1906 3484 2227 3562 congruit.

1522 3699 1649 3777 IX,
1695 3700 1794 3761 22.

677 3920 802 3983 Pro
847 3920 1057 3987 πάντως
1098 3916 1283 3993 τινάς,
1336 3914 1474 3981 cod.
1536 3934 1745 3995 graec.
1798 3913 1908 3979 lat.
1969 3915 2194 3993 legunt
2243 3916 2466 3984 πάντας.
2523 3915 2727 3979 Credo

594 4030 870 4092 Paulum
900 4028 1110 4095 πάντως
1142 4026 1261 4094 τοὺς
1290 4025 1533 4092 πλείονας
1561 4019 1834 4086 dedisse.
1870 4023 2032 4084 Cum
2068 4047 2141 4091 ως
2181 4030 2241 4085 et
2273 4048 2361 4092 ους
2400 4020 2726 4086 interdum

591 4135 1072 4199 confundantur
1104 4131 1322 4212 (Bau),
1361 4129 1550 4195 facile
1578 4129 1698 4198 τούς
1733 4147 2114 4192 evanescere
2144 4132 2371 4209 potuit.
2404 4130 2574 4193 Cum
2605 4134 2637 4190 λ
2667 4138 2731 4192 et

589 4268 647 4320 α,
680 4277 759 4288 -
792 4266 861 4318 ει,
900 4266 914 4301 ι
944 4249 1007 4302 et
1033 4265 1065 4300 τ
1093 4238 1598 4313 confundantur,
1626 4236 1871 4303 πλείονας
1901 4235 2190 4315 expedite
2212 4238 2414 4305 πάντας
2442 4237 2586 4299 fieri
2615 4254 2725 4317 po-

594 4352 733 4414 tuit.
754 4351 834 4411 Et
851 4349 1084 4424 πάντως,
1106 4345 1275 4426 quod
1302 4361 1432 4407 non
1461 4344 1681 4405 minus
1704 4342 1894 4407 facile
1916 4361 2063 4405 cum
2084 4345 2286 4412 πάντας
2308 4345 2728 4407 confunditur

587 4457 649 4539 (α
688 4485 769 4510 =
798 4482 843 4517 ω
873 4452 951 4507 -’-
985 4453 1194 4535 Bast),
1230 4451 1514 4515 evanuit.
1553 4452 1646 4513 Ita
1676 4457 1825 4513 nata
1856 4461 1948 4513 est
1976 4451 2165 4514 lectio
2194 4453 2394 4520 πάντας
2432 4451 2614 4517 σώσω.
2648 4486 2728 4500 -

2358 4561 2392 4620 7
