3559 5609
861 867 921 917 36
1836 868 1941 930 111,
1978 868 2022 917 s.

864 995 930 1045 ut
956 984 1273 1044 intellexit
1300 983 1508 1058 Godet‚
1540 985 1750 1045 unitas
1779 1003 1918 1062 esse
1951 1001 2083 1047 non
2110 991 2311 1064 potest
2339 985 2705 1048 communis
2744 982 2986 1046 Ἀπολλώ

858 1106 1004 1151 curn
1039 1088 1243 1152 Paulo
1268 1090 1564 1151 vanitatis
1585 1088 1674 1170 (1)
1705 1109 1718 1151 :
1756 1085 1909 1150 nam
1930 1090 2011 1151 ad
2035 1090 2194 1169 quid
2219 1090 2627 1153 referendum
2650 1099 2815 1153 esset
2845 1109 2984 1151 ver-

860 1196 1014 1257 bum
1044 1196 1144 1257 ἔνῖ
1176 1197 1698 1259 Referendumne
1731 1198 1813 1259 ad
1851 1217 1910 1260 v.
1945 1196 2092 1257 οὐδέν
2114 1199 2143 1258 ‘1
2174 1197 2300 1260 Sed
2330 1198 2493 1260 illud
2531 1198 2800 1261 verbum
2831 1215 2983 1258 nus·
3036 1201 3055 1210 “

856 1321 1050 1385 quam
1086 1304 1490 1385 exprimitur.
1530 1306 1636 1368 An
1675 1305 1754 1367 ad
1789 1325 1848 1367 v.
1881 1331 1931 1366 τι
1955 1307 1985 1367 ⁴?
2027 1306 2156 1369 Sed
2187 1305 2304 1368 illa
2337 1306 2779 1386 interpretatio
2821 1316 2980 1368 con·

859 1411 1130 1474 trarium
1161 1430 1424 1475 sensum
1455 1413 1790 1492 praeberet
1827 1412 2010 1475 illius
2048 1431 2238 1493 quem
2281 1414 2876 1494 assequi-cupiunt,
2913 1426 2987 1472 ac

858 1517 1055 1580 simul
1107 1528 1327 1582 contra
1367 1539 1429 1585 ν.
1465 1520 1500 1578 7
1537 1529 1948 1600 repugnaret.
1988 1521 2155 1583 Nam
2198 1521 2543 1601 propositio
2575 1521 2757 1582 fieret
2802 1535 2932 1580 non
2967 1541 2980 1577 ε

868 1652 895 1682 ι
931 1635 1160 1689 neuter
1186 1647 1390 1710 aeque
1426 1630 1787 1710 quidquam
1818 1637 1951 1703 est,
1990 1652 2021 1685 »
2062 1628 2172 1691 sed
2206 1651 2221 1691 ε
2264 1652 2291 1685 α
2328 1629 2776 1709 unusquisque
2804 1626 2989 1707 quid-

857 1752 1054 1814 quam
1088 1742 1200 1798 est.
1241 1758 1271 1791 »

943 1865 970 1898 α
1014 1841 1259 1904 Paulus
1291 1851 1352 1904 et
1382 1841 1644 1921 Apollos
1685 1842 1874 1904 ambo
1918 1850 2070 1905 sunt
2111 1843 2337 1903 διάκονοι
2366 1845 2545 1918 Θεοῦ;
2578 1861 2649 1904 ex
2688 1858 2815 1921 quo
2857 1840 2985 1902 fere

858 1947 1077 2009 unitas
1106 1947 1219 2009 illa
1242 1956 1381 2010 orta
1406 1958 1501 2010 est
1520 1967 1680 2029 quae
1706 1949 1776 2010 in
1800 1950 2234 2012 controversia
2260 1959 2550 2011 versatur
2579 1974 2604 2006 ι)
2634 1948 2733 2031 (de
2771 1949 2981 2023 Wette,

859 2055 1088 2135 Meyer,
1112 2055 1412 2131 Heinrici,
1435 2056 1639 2136 etc...)
1666 2089 1746 2105 —
1777 2057 2073 2132 Minime,
2108 2065 2175 2118 ut
2203 2056 2452 2135 opinor.
2491 2057 2660 2119 Nam
2687 2055 2985 2135 periodus

857 2162 929 2224 in
954 2181 1079 2243 qua
1098 2181 1161 2225 v.
1181 2164 1408 2224 διάκονοι
1429 2164 1748 2244 reperitur
1765 2166 1962 2227 nimis
1986 2163 2204 2245 procul
2222 2182 2260 2225 a
2278 2184 2334 2225 v.
2363 2164 2416 2225 ἕν
2430 2151 2621 2242 jacet,
2648 2163 2985 2240 verbisque

855 2268 1158 2350 plurimis
1178 2320 1193 2348 ,
1221 2272 1458 2352 quibus
1489 2291 1550 2334 v,
1584 2272 1812 2334 διάκονοι
1843 2272 1912 2333 in
1948 2272 2342 2334 oblivionem
2367 2272 2731 2347 adducitur,
2763 2271 2844 2331 ab
2877 2268 2984 2329 illa
3033 2297 3042 2308 ·

857 2395 1008 2441 voce
1050 2381 1338 2460 sejuncta
1369 2388 1484 2442 est.
1524 2381 1605 2442 In
1640 2379 1900 2461 periodo
1937 2387 2153 2442 autem
2184 2380 2295 2441 ubi
2333 2379 2666 2441 invenitur
2708 2376 2979 2461 συνεργοί,

855 2486 1056 2548 oratio
1085 2503 1214 2549 non
1247 2486 1319 2547 in
1349 2487 1619 2570 συνεργοί,
1652 2488 1765 2548 sed
1800 2487 1871 2547 in
1902 2489 2043 2547 Θεοῦ
2073 2486 2374 2564 defigitur
2396 2534 2410 2562 ‚
2453 2495 2523 2548 ut
2551 2484 2834 2549 dilucide
2865 2502 2977 2563 ap·

854 2601 1034 2673 paret
1064 2611 1137 2655 ex
1168 2594 1304 2656 loco
1333 2603 1395 2656 et
1424 2594 1800 2674 repetitione
1838 2614 1897 2656 v.
1942 2596 2109 2655 Θεοῦ.

934 2700 1181 2780 Cogitat
1217 2700 1405 2764 Godet
1427 2700 1612 2762 illam
1644 2702 1959 2762 unitatem
1986 2701 2184 2763 fuisse
2219 2719 2233 2763 ε
2273 2725 2302 2757 α
2334 2701 2493 2764 celle
2525 2701 2605 2762 de
2635 2700 2898 2763 l’oeuvre
2944 2703 2979 2760 a

853 2808 1125 2889 laquelle
1157 2809 1238 2871 ils
1270 2809 1635 2872 travaillent
1678 2808 2031 2872 ensemble.
2070 2833 2098 2865 ι)
2134 2808 2334 2872 Nullo
2371 2809 2556 2871 modo
2589 2807 2733 2870 fieri
2783 2814 2983 2888 potest

854 2918 1015 2998 quin
1054 2936 1349 2981 censeam
1400 2917 1677 2981 Paulum
1716 2918 1886 2980 male
1910 2963 1927 2994 ,
1964 2915 2270 2979 incallide
2313 2925 2373 2978 et
2423 2926 2661 2987 temere
2695 2915 2978 2979 locutum

852 3024 1088 3103 fuisse,
1121 3025 1177 3087 si
1221 3024 1411 3089 modo
1450 3026 1617 3087 hanc
1663 3024 2053 3088 sententiam
2086 3025 2336 3103 aperire
2374 3023 2668 3085 voluerit.
2706 3021 2979 3084 Difficile

853 3135 1063 3195 verbis
1103 3133 1155 3194 ἕν
1206 3137 1335 3194 εἰσιν
1384 3133 1495 3195 illa
1540 3135 1635 3196 vis
1685 3134 1971 3211 subjecta
2015 3151 2151 3194 esse
2195 3140 2431 3213 potest3
2472 3149 2667 3211 quam
2708 3149 2789 3192 ne
2830 3149 2887 3191 ν.
2926 3130 2979 3190 ἓν

848 3246 1083 3301 ποιοῦσιν
1123 3241 1383 3320 quidem
1420 3240 1734 3303 haberent
1785 3260 1798 3301 :
1851 3257 2015 3320 quae
2044 3248 2259 3302 autem
2292 3240 2615 3302 contextui
2656 3237 2978 3301 contradi·-

850 3356 1103 3423 cerent,
1152 3349 1673 3429 quandoquidem
1717 3366 1887 3410 unus
1939 3346 2179 3431 φυτεύει,
2226 3348 2388 3409 alter
2424 3347 2661 3424 ποτίζει,
2705 3355 2768 3410 et
2812 3365 2979 3411 unus

851 3456 1126 3537 quisque
1170 3457 1431 3536 recipiet
1476 3457 1564 3518 τὸν
1605 3437 1784 3517 ἴδιον·
1817 3455 2001 3536 μισθόν
2041 3455 2398 3518 secundum
2437 3456 2526 3516 τὸν
2574 3454 2750 3516 ἴδιον
2791 3454 2974 3517 κόπον.

931 3564 1000 3626 Si
1035 3582 1092 3626 v.
1127 3564 1180 3624 ἕν
1208 3564 1478 3626 retineri
1512 3581 1697 3644 posse
1728 3574 1937 3643 putes,
1967 3572 2343 3643 transponas
2373 3564 2461 3625 ita
2490 3572 2561 3626 ut
2589 3563 2804 3626 locum
2833 3581 2975 3626 cor-

848 3682 1110 3755 ruptum
1163 3673 1257 3735 sio
1303 3675 1651 3735 constituas
1659 3718 1779 3735 .....
1822 3669 1941 3732 ἄλλ’
1991 3678 2019 3734 ὃ
2066 3672 2299 3742 αὐξάνων
2341 3670 2501 3738 Θεός.
2548 3672 2770 3740 ἕκαστος
2796 3669 2853 3732 δὲ
2889 3670 2977 3731 τὸν

846 3779 972 3842 ἴδιον
1000 3814 1080 3828 -
1108 3780 1289 3842 κόπον.
1323 3786 1351 3842 ὃ
1381 3778 1610 3865 φυτεύων
1634 3814 1712 3826 -
1745 3780 1799 3840 ἔν
1833 3784 1961 3840 εἰσιν
1999 3802 2013 3818 ·
2045 3783 2186 3840 Θεοῦ
2214 3780 2417 3862 γάρ-
2451 3781 2592 3841 ἐστε.
2629 3780 2823 3841 Praes
2835 3779 2977 3840 tite-

848 3891 930 3951 rit
962 3892 1222 3953 sortasse
1258 3899 1670 3968 transponere
1707 3914 1718 3949 ε
1753 3894 1781 3949 ὁ
1828 3881 2061 3972 φυτεύιῖον
2091 3884 2146 3946 δὲ
2180 3919 2258 3930 -
2298 3886 2352 3946 ἕν
2385 3891 2512 3948 εἰσιν
2546 3911 2560 3925 ·
2594 3889 2734 3966 Θεοῦ
2769 3885 2869 3969 γὰρ
2898 3918 2975 3931 --

846 3997 1097 4077 οἰκοδομή
1118 4000 1257 4062 ἐστε..
1291 3994 1559 4064 ἽΞκαστος
1581 3994 1635 4056 δὲ
1659 3996 1746 4056 τὸν
1768 3994 1896 4055 ἴδιον
1921 3994 2103 4075 μισθὸν
2123 4027 2201 4038 -
2223 3992 2407 4058 κόπον.
2441 3994 2595 4055 Κατὰ
2627 3993 2721 4067 τὴν
2743 3994 2970 4076 χάριν...

931 4105 1389 4167 Verumtamen
1422 4121 1729 4184 reponere
1763 4102 1990 4164 malim
2021 4101 2267 4162 leniore
2297 4120 2493 4163 mauu
2533 4126 2544 4162 z
2692 4107 2720 4163 ὃ
2748 4101 2972 4172 ποτίζων

846 4211 1024 4273 οὐθὲν
1053 4216 1202 4273 εἰσιν.
1241 4236 1269 4267 <t
1312 4213 1536 4291 Neque
1565 4211 1679 4272 ille
1715 4219 1808 4272 est
1844 4208 2090 4291 aliquid
2130 4208 2249 4289 qui
2287 4210 2570 4290 plantat,
2611 4227 2819 4290 neque
2859 4208 2972 4270 ille

907 4439 973 4503 (1)
1004 4443 1208 4500 Benqel
1243 4458 1255 4487 :
1288 4439 1498 4487 Neuter
1527 4452 1699 4500 aeque
1730 4437 2031 4501 quidquam
2063 4443 2163 4488 est.
