3559 5609
830 786 890 836 38
1740 783 1848 842 111,
1886 781 2050 832 10-12.

752 979 759 986 .
828 910 924 965 ter
953 901 1343 982 quicumque
1381 898 1780 975 aedificabit,
1816 915 1963 960 cum
2000 915 2191 978 super
2234 896 2410 959 aliud
2456 896 2954 959 fundamentum

828 1008 1166 1070 aedificare
1186 1024 1314 1069 non
1338 1008 1562 1087 possit,
1586 1012 1847 1084 cogetur
1863 1022 2055 1084 super
2069 1003 2567 1066 fundamentum
2589 1022 2627 1065 a
2650 1021 2754 1065 me
2778 1005 2950 1083 posi-

829 1124 967 1180 tum
995 1116 1356 1179 aedificare.

910 1222 1177 1292 Ἕκαστος
1206 1222 1260 1284 δὲ
1291 1223 1530 1305 βλεπέτω
1561 1232 1676 1291 πῶς
1708 1223 2061 1301 ἐποικοδομεῖ.
2104 1223 2171 1282 Εἰ
2212 1219 2392 1304 [γὰρ]
2433 1220 2488 1281 δέ
2516 1244 2595 1288 τις
2624 1222 2959 1300 ἐποικοδομεῖ

824 1335 995 1398 κτλ...

907 1440 1183 1518 Recusat
1204 1440 1411 1520 Meyer
1438 1439 1675 1520 θεμέλιον
1701 1439 1939 1518 κείμενον
1971 1454 2083 1519 pro
2109 1437 2530 1499 fundamento
2558 1451 2597 1497 a
2626 1434 2830 1499 Paulo
2855 1452 2952 1515 po·

825 1545 943 1607 sito
964 1545 1219 1607 habere.
1244 1545 1432 1626 Optat
1460 1546 1956 1607 fundamentum
1976 1561 2115 1606 esse
2136 1561 2173 1605 a
2195 1544 2328 1605 Deo
2349 1544 2486 1624 ipso
2510 1542 2792 1623 positum
2817 1541 2910 1622 (l)
2939 1542 2954 1602 l

829 1675 858 1708 <a
891 1654 1082 1714 Denn
1113 1671 1311 1728 wenn
1342 1653 1649 1715 Niemand
1675 1654 1870 1715 einen
1902 1652 2150 1715 andern
2179 1650 2410 1713 Grund
2440 1650 2534 1713 als
2568 1650 2694 1712 den
2721 1650 2956 1712 bereits

825 1760 1165 1839 liegenden
1210 1760 1398 1840 legen
1441 1761 1618 1822 kann
1641 1807 1658 1836 ,
1696 1778 1766 1823 so
1796 1761 2041 1822 konute
2072 1778 2139 1821 es
2168 1759 2334 1821 auch
2365 1757 2609 1820 Paulus
2644 1757 2854 1831 nicht,
2890 1774 2959 1819 so

825 1877 1066 1930 musste
1091 1868 1226 1932 also
1247 1869 1360 1931 der
1377 1869 1614 1949 κείμενος
1639 1870 1838 1932 sehon
1856 1870 1935 1931 da
1955 1869 2116 1943 sein,
2138 1867 2233 1929 als
2257 1866 2497 1929 Paulus
2514 1865 2711 1928 selbst
2729 1865 2862 1927 Gru
2873 1864 2956 1925 nd

826 1975 1017 2055 legte.
1045 1994 1077 2037 )
1114 1977 1192 2038 ln
1214 1995 1341 2057 qua
1361 1978 1941 2055 argumentatione,
1976 1985 2044 2038 ut
2074 1976 2273 2037 libere
2298 1975 2508 2036 dicam
2534 1973 2703 2053 quod
2723 1974 2953 2047 sentio,

827 2082 996 2144 nihil
1026 2083 1194 2145 inest
1222 2084 1348 2145 nisi
1380 2083 1735 2146 insulsitas.

919 2215 946 2245 ι
993 2190 1204 2254 Nemo
1240 2191 1311 2252 in
1347 2193 1670 2271 praesenti
1720 2200 1923 2271 potest
1963 2192 2143 2255 aliud
2179 2192 2676 2253 fundamentum
2719 2205 2959 2270 ponere

830 2316 1025 2379 quam
1076 2298 1240 2360 illud
1274 2318 1312 2360 a
1361 2317 1465 2361 me
1494 2302 1644 2390 ‚jam
1693 2300 1993 2380 positum.
2047 2323 2077 2355 »
2123 2302 2210 2361 At
2262 2299 2467 2379 liquet
2515 2297 2679 2360 illud
2739 2320 2768 2353 α
2825 2313 2957 2359 non

831 2414 1032 2487 potest
1087 2430 1115 2461 ³>
1182 2424 1310 2469 non
1372 2406 1682 2468 exstitisse
1747 2416 2096 2487 autequam
2157 2405 2399 2468 Paulus
2456 2405 2955 2467 fundamentum

829 2513 1042 2591 posuit
1072 2514 1174 2591 (2).
1214 2512 1268 2575 O
1300 2514 1467 2574 mira
1493 2513 1794 2576 videlicet
1825 2515 2035 2595 Meyer·
2066 2514 2577 2592 argumentatio!
2615 2512 2957 2591 Oportebat

831 2637 982 2698 ergo
1010 2621 1505 2682 fundamentum
1529 2623 1665 2701 jam
1692 2622 1967 2700 positum
2000 2621 2195 2682 fuisse
2218 2667 2232 2696 ,
2274 2627 2343 2680 ut
2370 2619 2614 2682 Paulus
2646 2618 2811 2680 illud
2847 2636 2962 2698 po-

834 2746 986 2789 nere
1020 2727 1268 2807 posset!
1303 2727 1810 2809 Pauloprofecto
1855 2745 2114 2790 necesse
2148 2745 2281 2791 nou
2314 2738 2448 2791 erat
2480 2746 2618 2790 esse
2652 2721 2951 2798 Paulum,

835 2843 902 2897 ut
938 2833 1085 2896 illas
1123 2836 1398 2897 minime
1440 2835 1631 2898 utiles
1669 2836 2105 2917 gloriosasque
2151 2845 2359 2916 partes
2396 2853 2586 2916 agere
2632 2844 2843 2916 posset
2886 2835 2955 2895 in

832 2940 1062 3003 silvam
1091 2940 1267 3021 ligna
1299 2942 1550 3005 ferendi
1592 2942 1722 3024 (3)1
1762 2944 2088 3023 Denique,
2130 2952 2433 3023 utusque
2478 2943 2558 3005 ad
2601 2948 2964 3004 extremum

829 3050 1449 3129 argumentationem
1489 3050 1957 3130 propellamuS,
2012 3067 2307 3112 sermone
2336 3051 2538 3129 ipsius
2580 3050 2790 3131 Meyer
2826 3057 2963 3111 ute-

829 3176 976 3218 mur
1009 3157 1426 3237 dicemusque
1473 3182 1485 3216 :
1533 3181 1560 3211 α
1613 3157 1833 3218 Wenn
1867 3156 2179 3219 Niemand
2206 3157 2400 3219 einen
2437 3156 2685 3218 andern
2720 3156 2951 3219 Grund

829 3263 922 3325 als
952 3263 1077 3325 den
1104 3265 1338 3325 bereits
1364 3263 1707 3341 liegenden
1731 3263 1919 3340 legen
1942 3263 2144 3339 kann,
2170 3281 2238 3325 so
2257 3263 2501 3326 konnte
2526 3282 2594 3325 es
2622 3262 2788 3326 auch
2811 3263 2967 3326 Gott

890 3639 956 3703 (1)
986 3639 1016 3687 2
1045 3638 1202 3701 Tim.‚
1237 3639 1305 3699 II,
1343 3638 1400 3688 19
1434 3639 1755 3701 neutiquam
1786 3653 1885 3702 pro
1926 3645 2110 3701 Meyer
2151 3641 2300 3689 facit.
2337 3639 2476 3690 Nam
2516 3644 2812 3689 contextus
2846 3641 2962 3688 dis-

830 3732 1072 3792 crepant.
1107 3726 1368 3777 Ceterum
1406 3728 1535 3776 huic
1570 3728 1693 3777 loco
1731 3729 1872 3778 alius
1909 3743 2106 3778 sensus
2136 3729 2269 3777 mihi
2301 3729 2515 3777 dandus
2546 3730 2769 3778 videtur
2800 3743 2960 3791 quam

830 3819 921 3867 ille
952 3818 1046 3880 qui
1072 3817 1396 3880 plerumque
1429 3818 1714 3880 accipitur.

891 3905 956 3969 (2)
983 3904 1053 3955 Cf
1071 3908 1369 3954 verborum
1399 3909 1649 3969 tempora
1675 3907 1827 3965 ἔθηκα
1852 3910 1906 3955 et
1930 3908 2150 3956 δύναται.

892 3994 956 4058 (3)
988 3994 1409 4057 Argumentatio
1440 3999 1609 4045 Godet
1651 3996 1852 4044 mirum
1884 4007 2105 4059 quoque
2137 3996 2347 4045 exitum
2389 3999 2553 4046 habet
2584 4011 2594 4045 ε
2634 4012 2658 4043 «
2690 3997 2963 4059 L’Apotre

829 4088 962 4134 veut
992 4083 1110 4132 dire
1141 4098 1246 4146 que
1279 4083 1382 4132 Son
1409 4098 1618 4145 oeuvre‚
1640 4084 1672 4133 a
1693 4085 1802 4144 lui,
1833 4100 1865 4134 a
1895 4084 1980 4134 ete
2007 4085 2391 4135 relativement
2419 4086 2961 4149 simple...,L’oeuvre

832 4174 899 4223 de
936 4188 1078 4223 ceux
1117 4175 1212 4238 qui
1252 4179 1349 4224 ont
1387 4175 1419 4222 a
1459 4177 1771 4225 construire
1811 4175 2043 4225 l‘edifice
2079 4189 2176 4224 sur
2211 4177 2262 4225 le
2296 4177 2618 4226 fundament
2647 4175 2783 4240 pose
2823 4176 2978 4225 n’est-
3035 4197 3044 4210 ·

832 4278 929 4326 pas
964 4266 1114 4314 aussi
1146 4265 1397 4328 simple...
1429 4266 1509 4316 La
1539 4267 1814 4317 diret-,tion
1845 4267 1942 4315 des
1975 4267 2123 4315 ames
2154 4266 2465 4316 converties
2499 4270 2581 4315 est
2619 4280 2729 4315 une
2772 4279 2962 4315 oeuvre

836 4355 961 4401 bien
992 4356 1114 4416 plus
1146 4354 1377 4403 delicate
1409 4370 1515 4418 que
1545 4357 1595 4404 le
1622 4356 1817 4404 travail
1851 4355 2065 4404 destine
2091 4355 2122 4402 ἐι
2150 4357 2229 4404 les
2262 4356 2596 4406 convertir...
2635 4375 2657 4402 n
