3559 5609
1561 856 1666 916 v1,
1703 854 1812 905 2-4.
2701 852 2761 902 53

627 991 811 1047 nem,
846 974 936 1034 ita
981 972 1310 1035 concludit
1349 997 1360 1032 ε
1401 997 1428 1028 α
1469 974 1765 1049 Paganos
1813 972 2209 1034 constituitis
2249 972 2505 1052 Judices
2543 969 2673 1052 (l)!
2726 990 2757 1033 ι

626 1081 887 1143 Periodi
938 1081 1092 1142 finis
1141 1080 1252 1143 ille
1287 1081 1598 1155 minime,
1634 1087 1703 1141 ut
1735 1086 2023 1158 apparet,
2061 1079 2252 1156 initio
2282 1085 2759 1142 consentaneus

625 1188 976 1269 plurimam
1009 1188 1376 1266 legentibus
1412 1188 1912 1251 admirationem
1948 1195 2183 1262 movet,
2227 1187 2318 1247 ita
2349 1191 2419 1248 ut
2455 1185 2755 1248 animum

623 1298 702 1358 ad
718 1296 1048 1375 scriptoris
1070 1313 1179 1359 sen
1190 1296 1458 1358 tentiam
1484 1296 1833 1372 diligenter
1852 1295 2206 1357 attendant.
2231 1297 2433 1376 Σχῆμα
2463 1296 2757 1374 estquod

620 1403 941 1483 suspensio
966 1403 1228 1478 dicitur,
1249 1411 1439 1482 atque
1463 1404 1531 1463 in
1557 1401 1866 1464 omnibus
1895 1402 2469 1480 grammaticorum
2501 1400 2757 1479 scriptis

621 1510 1030 1571 describitur.
1082 1544 1159 1554 —-
1218 1509 1538 1571 Animum
1596 1508 1912 1588 extemplo
1972 1508 2086 1570 illa
2142 1508 2443 1586 cogitatio
2504 1507 2679 1596 subit
2737 1531 2750 1567 :

620 1616 947 1680 Corinthii
977 1616 1161 1678 valde
1197 1617 1375 1680 noxii
1405 1624 1598 1695 atque
1633 1605 1873 1678 insulsi
1911 1616 2093 1676 sunt!
2132 1616 2318 1691 Quod
2347 1632 2569 1677 revera
2598 1616 2756 1677 dicit

619 1725 867 1787 Paulus
900 1749 912 1786 ε
945 1724 1073 1808 πρὸς
1117 1722 1372 1808 ἐντροπὴν
1414 1728 1536 1805 ὑμῖν
1569 1724 1742 1805 λέγω,
1772 1740 1940 1802 quae
1977 1723 2169 1786 verba
2219 1724 2409 1786 modo
2443 1723 2516 1784 in
2551 1723 2753 1785 inter-

617 1832 970 1914 pretatione
1013 1850 1052 1892 a
1094 1831 1282 1894 Godet
1326 1838 1621 1894 recusata
1676 1849 1940 1893 omnem
1972 1848 2158 1892 suam
2201 1831 2333 1892 vim
2377 1830 2638 1893 habent.
2677 1864 2754 1877 —-

615 1940 1075 2003 Accedit-illud
1110 1941 1285 2019 quod
1314 1941 1556 2001 frustra
1587 1937 1776 2001 Godet
1807 1946 2179 2015 conaretur,
2215 1939 2271 1999 si
2312 1955 2499 2000 suam
2536 1954 2751 1999 serva-

615 2056 709 2111 ret
756 2048 1281 2127 explicationem,
1315 2049 1514 2110 finem
1547 2066 1606 2108 v.
1641 2048 1675 2108 5
1709 2047 2027 2125 expedire.
2063 2046 2313 2108 Paulus
2347 2047 2575 2108 ordine
2610 2062 2750 2108 om-

614 2155 775 2220 nino
824 2161 1013 2217 caret.
1078 2157 1546 2233 Interpretante
1593 2154 1809 2232 Godet‚
1868 2154 2026 2216 dicit
2079 2154 2257 2215 enim
2321 2178 2333 2213 ε
2393 2177 2420 2210 «ι
2483 2154 2525 2216 J
2531 2153 2751 2215 udices

612 2263 985 2325 constituite
1028 2261 1177 2325 illos
1215 2263 1330 2342 qui
1368 2280 1480 2341 pro
1520 2261 1731 2325 nihilo
1770 2263 1842 2322 in
1879 2261 2150 2323 ecclesia
2192 2261 2541 2323 habentur!
2576 2261 2750 2335 Quid

612 2371 796 2431 tum?
831 2371 1142 2432 nullusne
1183 2371 1442 2449 sapiens
1480 2378 1575 2433 est
1604 2370 1774 2431 inter
1807 2387 1947 2445 vos,
1987 2376 2055 2430 ut
2083 2370 2162 2430 ad
2193 2368 2488 2431 infideles
2521 2352 2747 2430 confu-

611 2495 761 2556 gere
804 2478 1176 2555 cogamini?
1214 2504 1240 2534 »
1276 2479 1690 2555 Respondere
1725 2477 1930 2540 Paulo
1966 2475 2291 2540 Corinthii
2330 2477 2689 2555 potuissent
2728 2494 2741 2538 :

617 2610 642 2640 α
680 2586 892 2661 Quare
922 2586 1276 2661 exclames:
1310 2584 1535 2647 nullus
1565 2591 1660 2648 est
1691 2586 1948 2664 sapiens
1977 2586 2147 2646 inter
2175 2601 2362 2646 vos...
2382 2585 2411 2645 ἲ
2436 2584 2743 2647 Necessa-

608 2694 781 2755 rium
813 2712 944 2756 non
975 2701 1069 2757 est
1098 2696 1267 2756 inter
1300 2711 1416 2756 nos
1445 2711 1586 2756 esse
1617 2695 1958 2772 sapientes.
1993 2694 2141 2773 Ipse
2171 2692 2392 2754 dixisti
2425 2717 2437 2753 z
2466 2691 2621 2753 satis
2650 2698 2745 2754 est

601 2803 836 2865 stultos
852 2802 1088 2880 eligere
1108 2801 1392 2878 jndices!
1414 2826 1445 2890 .‘
1472 2835 1550 2845 —
1567 2801 1771 2864 Paulo
1792 2801 2142 2863 dicendum
2163 2807 2296 2862 erat
2322 2825 2334 2860 :
2361 2823 2388 2855 α
2416 2798 2744 2860 Nullusne

609 2910 778 2971 inter
815 2926 927 2971 vos
970 2909 1229 2985 sapiens
1258 2910 1395 2970 est?
1427 2909 1613 2983 Quod
1644 2908 1701 2969 si
1734 2908 1958 2970 nullus
1997 2913 2121 2978 est,
2159 2907 2372 2984 potius
2411 2922 2618 2985 *quam
2662 2905 2742 2965 ad

611 3016 904 3077 infideles
953 3015 1376 3091 confugiatis,
1423 3016 1652 3078 stultos
1698 3016 1921 3076 fratres
1962 3013 2218 3094 judices
2263 3012 2654 3075 constituite.
2707 3035 2737 3066 »

611 3122 801 3185 Godet
829 3122 1343 3201 interpretationi
1376 3123 1576 3199 igitur
1609 3120 2223 3200 transpositionibus
2254 3138 2416 3198 opus
2444 3120 2635 3192 foret,
2669 3124 2740 3180 ut

608 3240 818 3312 posset
847 3232 1110 3294 servari.
1142 3231 1267 3293 Sed
1292 3233 1616 3309 quomodo
1648 3231 2182 3310 transpositiones
2215 3228 2363 3290 illae
2389 3227 2734 3305 perpetrari

604 3341 908 3421 possent?
2055 3351 2060 3358 ·

681 3451 738 3510 2.
784 3451 922 3511 Vox
965 3449 1189 3519 καθίζειν
1227 3449 1467 3526 optime
1515 3449 1812 3526 usurpari
1865 3455 2065 3525 potest
2098 3447 2177 3506 ad
2225 3445 2733 3523 significandum

609 3582 635 3611 ι
682 3556 952 3635 prendre
1002 3574 1162 3633 pour
1199 3557 1391 3634 juges
1425 3557 1538 3617 des
1573 3556 1867 3615 hommes
1900 3556 2044 3632 deja
2078 3555 2430 3615 constitues
2468 3551 2585 3614 tels
2622 3572 2733 3630 par

603 3663 900 3726 d'autreS.
949 3689 974 3717 >³
1024 3665 1209 3738 Quod
1265 3682 1338 3725 ex
1377 3681 1450 3725 eo
1501 3663 1865 3735 conficitur,
1915 3666 1983 3722 nt
2027 3661 2366 3722 christiani
2411 3660 2559 3721 illos
2605 3658 2732 3720 sibi

604 3772 777 3830 velut
802 3772 1056 3847 judices
1088 3778 1348 3849 possent
1387 3789 1516 3833 non
1567 3770 1825 3848 eligere.
1869 3769 2006 3830 Sub
2052 3775 2424 3847 potestatem
2463 3766 2728 3829 illorum

604 3879 894 3957 judicum
932 3879 1374 3957 subjiciuntur
1410 3879 1598 3940 modo
1633 3877 1791 3956 quia
1840 3877 1971 3938 illis
2023 3877 2245 3955 placet,
2277 3875 2434 3954 quia
2471 3874 2728 3955 Judices

604 3986 718 4048 hos
748 3985 1008 4058 adeunt,
1046 3986 1090 4045 i.
1126 4004 1180 4046 e.
1214 3988 1370 4065 quia
1404 4004 1513 4048 eos
1554 3987 1813 4064 jndices
1853 3984 2279 4046 constituunt.
2320 3981 2728 4060 significatio

600 4112 658 4153 v.
712 4092 945 4162 καθίζετε
997 4093 1304 4154 definitur
1358 4112 1432 4155 ac
1491 4092 2051 4156 circumscribitur
2104 4112 2162 4150 v.
2220 4092 2439 4172 βιωτικὰ
2494 4093 2728 4176 κριτήρια

656 4333 721 4396 (1)
754 4333 861 4382 Pro
895 4334 1321 4394 exclamatione,
1365 4334 1441 4383 ita
1482 4337 1819 4397 praestiterit
1861 4337 2257 4399 interrogativo
2298 4343 2511 4387 vertere
2557 4354 2566 4387 :
2606 4361 2628 4383 «
2671 4340 2726 4387 in

599 4423 830 4471 ecclesia
861 4427 1225 4488 contemptOS,
1252 4424 1468 4487 judices
1504 4424 1886 4474 constituitis?
1915 4442 1938 4472 »
