3559 5609
826 839 888 903 ὴ
1723 850 1855 912 vn,
1894 850 2060 902 10-17.

826 971 908 1033 ad
936 969 1267 1033 divortium
1296 969 1598 1048 pertinet,
1628 967 1796 1029 med.
1834 983 1966 1029 non
1998 973 2201 1045 potest
2228 966 2308 1027 ad
2337 965 2740 1029 desertionem
2768 964 2952 1027 mali-

827 1067 1045 1142 iiosam
1076 1082 1380 1155 spectare,
1412 1081 1485 1137 ut
1510 1074 1648 1135 vult
1680 1073 1888 1147 Godet,
1928 1074 2039 1135 sed
2068 1079 2292 1136 contra
2315 1073 2394 1135 ad
2419 1073 2773 1135 divortium
2802 1086 2955 1151 quo·

824 1203 952 1267 que
983 1189 1239 1264 spectat,
1278 1189 1341 1246 et
1377 1183 1535 1245 haec
1570 1182 1749 1245 notio
1780 1181 1940 1243 huic
1967 1180 2111 1243 voci
2153 1180 2442 1261 subjecta
2483 1185 2578 1242 est
2620 1205 2632 1240 :
2681 1178 2955 1241 divortio

823 1293 1153 1355 discedere
1193 1291 1299 1371 (1).
1359 1289 1615 1352 Etenim
1663 1306 1812 1351 cum
1863 1307 1924 1350 v.
1981 1289 2051 1349 14
2103 1286 2514 1366 parenthesin
2566 1285 2953 1361 constituat,

820 1400 1027 1482 liquet
1053 1399 1114 1460 τὸ
1143 1402 1188 1460 εἰ
1216 1396 1273 1459 δέ
1305 1418 1362 1459 v,
1402 1398 1470 1459 15
1499 1409 1610 1465 τοῖς
1641 1400 1687 1458 εἰ
1719 1414 1777 1457 ν.
1819 1397 1888 1456 12
1919 1402 1980 1458 et
2015 1396 2084 1459 13
2114 1396 2374 1475 opponi.
2411 1395 2621 1473 Igitur
2658 1393 2730 1454 in
2782 1390 2959 1456 12-13

823 1514 886 1572 et
926 1508 999 1570 15
1040 1507 1333 1570 eamdem
1381 1504 1833 1585 symmetriam
1881 1503 2243 1582 reperimus
2286 1502 2711 1581 eamdemque
2758 1516 2960 1580 syno-

824 1613 1123 1695 nymiam
1167 1613 1513 1676 verborum
1556 1611 1743 1695 χωρίζ.
1802 1617 1865 1674 et
1906 1610 2134 1694 ἀφιέναι.
2177 1642 2259 1657 -
2296 1611 2464 1687 Ergo
2507 1609 2779 1688 repudio
2823 1608 2959 1688 jam

824 1721 1093 1800 scripte,
1142 1720 1472 1785 Corinthii
1511 1726 1725 1782 tamen
1771 1736 1840 1781 se
1884 1718 2220 1780 intrudere
2249 1734 2660 1797 perseverare
2700 1714 2955 1779 vellent.

823 1826 1070 1893 Crescit
1085 1827 1446 1889 insulsitas.
1462 1858 1537 1873 —-
1555 1826 1702 1887 Non
1721 1843 1945 1887 verum
1964 1832 2058 1887 est
2073 1825 2316 1887 dicere:
2337 1850 2360 1877 ι
2384 1826 2656 1903 L’epoux
2672 1821 2960 1884 ehretien

825 1934 962 1998 doit
995 1933 1354 2007 consentir,
1389 1932 1551 1994 dans
1588 1950 1658 1995 ce
1693 1950 1835 2005 cae,
1874 1934 1911 1993 a
1952 1949 2082 1994 une
2122 1931 2485 2011 separation
2524 1934 2563 1992 a
2595 1928 2874 2009 laquelle
2915 1927 2965 1989 il

828 2057 913 2103 ne
957 2040 1247 2120 pourrait
1287 2056 1356 2101 se
1391 2038 1642 2102 refuscr
1674 2042 1865 2119 qu'en
1904 2039 2105 2102 allant
2144 2040 2500 2101 au-devant
2541 2038 2965 2100 d’incessants

829 2145 1104 2210 conflits.
1151 2171 1177 2201 ι
1219 2146 1387 2208 Nam
1420 2146 1773 2208 discidium
1810 2147 1890 2208 de
1922 2163 2052 2225 quo
2088 2145 2305 2223 agitur
2337 2145 2693 2209 divortium
2726 2149 2853 2218 est,
2892 2160 2967 2204 ac

836 2253 1236 2317 christianus
1286 2271 1626 2333 nunquam
1683 2253 2036 2316 divortium
2088 2254 2355 2331 probare
2409 2252 2624 2326 debet,
2677 2251 2785 2314 sed
2834 2252 2964 2329 pati

831 2362 1023 2425 modo
1057 2379 1207 2424 cum
1246 2361 1438 2423 vitari
1473 2378 1602 2422 non
1640 2367 1863 2440 potest.
1910 2362 2055 2423 Beet
2093 2362 2446 2423 assentitur
2477 2359 2667 2423 Godet
2693 2358 2964 2421 vertenti

831 2467 887 2529 δὲ
921 2468 1000 2549 (ἐν
1042 2467 1105 2529 δὲ
1144 2467 1345 2551 εἰρήνῃ)
1378 2468 1533 2541 imo,
1578 2469 1728 2548 quin
1766 2469 1948 2530 etiam
1990 2491 2005 2526 :
2054 2485 2184 2546 quo
2227 2468 2515 2545 gradatio
2562 2470 2963 2546 impetratur.

836 2598 865 2631 ι
917 2574 1065 2636 Non
1107 2572 1321 2636 solum
1364 2573 1636 2653 subjecti
1666 2592 1800 2636 nou
1833 2574 2064 2636 estis...
2102 2574 2248 2651 sed,
2287 2574 2423 2638 imo
2453 2589 2641 2649 voro,
2677 2572 2964 2635 officium

832 2685 1121 2742 vestrum
1165 2685 1336 2742 est...
1394 2703 1423 2734 »
1470 2714 1544 2724 —
1591 2679 1715 2742 Sed
1765 2681 1928 2759 quid
1980 2680 2317 2742 officium?
2365 2680 2656 2743 officium
2705 2678 2962 2742 divortii

833 2785 1186 2860 tolerandi,
1244 2802 1395 2847 cum
1445 2787 1714 2849 tolerare
1770 2789 2141 2866 coguntur?
2201 2789 2445 2850 Mirum
2500 2788 2766 2868 quidem
2827 2785 2967 2849 offi-

834 2894 1048 2968 cium,
1095 2892 1267 2972 quod
1322 2892 1518 2972 vulgo
1573 2895 2019 2957 necessitatem
2079 2897 2443 2958 nominant.
2498 2898 2640 2957 Aut*
2680 2894 2969 2957 officium

834 2999 996 3064 forte
1045 2999 1397 3063 divortium
1445 3002 1772 3064 ineundi?
1814 3003 1987 3082 quod
2038 3010 2132 3065 est
2179 3003 2392 3066 dicere
2441 3009 2662 3066 contra
2705 3002 2970 3065 Domini

830 3110 1037 3189 jussa.
1069 3140 1149 3152 —
1179 3108 1305 3170 Pro
1337 3106 1525 3170 Godet
1555 3102 1979 3187 explicatione
2014 3128 2146 3172 non
2186 3110 2339 3172 facit
2373 3110 2435 3170 τὸ
2467 3114 2514 3170 εἰ
2546 3110 2644 3189 μή.
2684 3108 2801 3171 Illa
2839 3108 2971 3188 pri-

839 3231 1022 3277 mum
1066 3215 1468 3292 argumentis
1507 3216 1878 3277 confirmari
1911 3216 2201 3290 deberet,
2237 3224 2303 3277 ut
2332 3218 2412 3278 ad
2444 3218 2790 3279 verborum
2820 3219 2866 3277 εἰ
2895 3215 2988 3295 μή·

840 3321 1432 3399 interpretationem
1462 3323 1762 3384 accedere
1792 3339 2049 3401 quoque
2093 3323 2444 3402 possimus.
2476 3325 2555 3385 In
2586 3323 2666 3384 N.
2705 3324 2777 3384 T.
2814 3340 2970 3383 uus-

843 3445 1040 3508 quam
1083 3428 1264 3490 locus
1299 3427 1616 3507 reperitur
1644 3428 1712 3489 in
1746 3447 1876 3508 quo
1909 3447 2102 3491 usum
2134 3436 2225 3490 τοῦ
2254 3435 2300 3491 εἰ
2330 3431 2406 3510 μή
2438 3448 2658 3493 revera
2688 3429 2970 3492 similem

845 3534 944 3596 illi
989 3535 1102 3614 qui
1148 3534 1258 3596 hic
1305 3535 1715 3614 proponitur,
1752 3536 2226 3615 deprehendam
2260 3537 2465 3616 (locus
2505 3556 2702 3617 quem
2736 3531 2986 3599 Grimm'

846 3641 1029 3704 affert
1062 3643 1284 3716 Marc„
1321 3642 1442 3717 VI,
1473 3643 1509 3703 5
1539 3660 1670 3705 non
1701 3643 1890 3722 plane
1920 3651 2137 3706 nostro
2168 3662 2282 3723 par
2312 3646 2450 3726 est).

928 3749 1013 3810 Ni
1044 3748 1252 3823 fallor,
1285 3748 1774 3813 intercludenda
1804 3751 1997 3814 verba
2025 3755 2071 3812 εἰ
2100 3749 2155 3811 δὲ
2182 3757 2211 3812 ὁ
2238 3751 2458 3819 ἄπιστος
2485 3787 2563 3798 -
2590 3756 2644 3813 ἐν
2670 3764 2781 3819 τοῖς
2807 3750 2977 3811 τοιού-

912 4040 978 4105 (1)
1007 4041 1269 4105 Majorem
1295 4044 1408 4093 vim
1430 4044 1592 4092 etiam
1616 4043 1798 4092 Godet
1827 4043 1906 4091 illi
1939 4049 2263 4105 argumento
2294 4046 2538 4094 tribuere
2564 4045 2749 4104 debet,
2771 4046 2975 4110 quippe

850 4130 947 4194 qui
990 4132 1268 4181 existimet
1306 4133 1365 4180 in
1408 4149 1458 4183 v.
1509 4133 1651 4183 10-11
1689 4147 1842 4193 pass.
1887 4136 2182 4199 χωρισθῆναι
2230 4138 2284 4182 et
2319 4137 2533 4200 χωρισθῇ
2573 4135 2976 4198 significatione

852 4221 1001 4269 med.
1042 4220 1149 4268 frui
1188 4225 1242 4269 et
1275 4226 1536 4284 tanquam
1579 4226 1726 4273 med.
1773 4223 2041 4272 adbiberi.
2083 4223 2147 4272 In
2185 4224 2270 4272 his
2310 4239 2362 4273 v.
2405 4230 2606 4284 autem,
2637 4240 2688 4275 v.
2724 4225 2889 4291 χωρίζ.
2924 4230 2977 4273 et

852 4308 1041 4370 ἀφιέναι
1067 4310 1453 4372 cognominata
1478 4317 1623 4361 sunt.
1658 4312 1803 4375 Ergo
1840 4326 1964 4360 cum
1988 4314 2152 4377 χωρίζ.
2185 4314 2242 4361 in
2272 4330 2322 4363 v.
2353 4314 2409 4363 15
2434 4318 2579 4364 med.
2606 4315 2704 4377 sit,
2733 4316 2808 4365 ibi
2836 4329 2974 4378 quo-

853 4407 961 4456 que
991 4408 1115 4444 cum
1143 4398 1335 4456 ἀφιέναι
1363 4401 1812 4460 cognominatum
1843 4405 1942 4450 est.
