<?xml version="1.0" encoding="UTF-8"?>
<!DOCTYPE html PUBLIC "-//W3C//DTD XHTML 1.0 Transitional//EN"
    "http://www.w3.org/TR/xhtml1/DTD/xhtml1-transitional.dtd">
<html xmlns="http://www.w3.org/1999/xhtml" xml:lang="en" lang="en">
 <head>
  <title>
</title>
<meta http-equiv="Content-Type" content="text/html;charset=utf-8" />
  <meta name='ocr-system' content='tesseract 3.04.00' />
  <meta name='ocr-capabilities' content='ocr_page ocr_carea ocr_par ocr_line ocrx_word'/>
</head>
<body>
  <div class='ocr_page' id='page_1' title='image "./depriorepauliad00boisgoog_0032.png"; bbox 0 0 3559 5609; ppageno 0'>
   <div class='ocr_carea' id='block_1_1' title="bbox 825 822 2086 896">
    <p class='ocr_par' dir='ltr' id='par_1_1' title="bbox 825 822 2086 896">
     <span class='ocr_line' id='line_1_1' title="bbox 825 822 2086 896; baseline -0.002 -12"><span class='ocrx_word' id='word_1_1' title='bbox 825 834 885 884; x_wconf 75' lang='lat'>24</span> <span class='ocrx_word' id='word_1_2' title='bbox 1045 822 1051 828; x_wconf 85' lang='grc'><em>“</em></span> <span class='ocrx_word' id='word_1_3' title='bbox 1713 832 1763 894; x_wconf 90' lang='lat'>1,</span> <span class='ocrx_word' id='word_1_4' title='bbox 1804 831 2004 896; x_wconf 81' lang='lat'>17-111,</span> <span class='ocrx_word' id='word_1_5' title='bbox 2040 832 2086 882; x_wconf 85' lang='lat'>9.</span> 
     </span>
    </p>
   </div>
   <div class='ocr_carea' id='block_1_2' title="bbox 823 946 2957 1137">
    <p class='ocr_par' dir='ltr' id='par_1_2' title="bbox 823 946 2957 1137">
     <span class='ocr_line' id='line_1_2' title="bbox 825 946 2957 1030; baseline -0.001 -19"><span class='ocrx_word' id='word_1_6' title='bbox 825 967 940 1013; x_wconf 86' lang='lat' dir='ltr'>nes</span> <span class='ocrx_word' id='word_1_7' title='bbox 968 998 980 1025; x_wconf 91' lang='lat'>,</span> <span class='ocrx_word' id='word_1_8' title='bbox 1023 949 1419 1030; x_wconf 76' lang='lat' dir='ltr'>superioreS,</span> <span class='ocrx_word' id='word_1_9' title='bbox 1454 966 1629 1010; x_wconf 87' lang='lat' dir='ltr'>raras</span> <span class='ocrx_word' id='word_1_10' title='bbox 1657 997 1671 1025; x_wconf 87' lang='lat'>,</span> <span class='ocrx_word' id='word_1_11' title='bbox 1704 965 1982 1028; x_wconf 88' lang='lat' dir='ltr'>quarum</span> <span class='ocrx_word' id='word_1_12' title='bbox 2023 946 2147 1009; x_wconf 90' lang='lat' dir='ltr'>loci</span> <span class='ocrx_word' id='word_1_13' title='bbox 2176 965 2313 1026; x_wconf 89' lang='lat' dir='ltr'>cap.</span> <span class='ocrx_word' id='word_1_14' title='bbox 2352 947 2477 1009; x_wconf 86' lang='lat' dir='ltr'>XV</span> <span class='ocrx_word' id='word_1_15' title='bbox 2509 946 2957 1024; x_wconf 86' lang='lat' dir='ltr'>eschatologici</span> 
     </span>
     <span class='ocr_line' id='line_1_3' title="bbox 823 1056 1626 1137; baseline -0.005 -17"><span class='ocrx_word' id='word_1_16' title='bbox 823 1056 1010 1137; x_wconf 83' lang='lat' dir='ltr'>quasi</span> <span class='ocrx_word' id='word_1_17' title='bbox 1040 1056 1362 1136; x_wconf 82' lang='lat' dir='ltr'>specimen</span> <span class='ocrx_word' id='word_1_18' title='bbox 1397 1056 1626 1117; x_wconf 86' lang='lat' dir='ltr'>forent.</span> 
     </span>
    </p>
   </div>
   <div class='ocr_carea' id='block_1_3' title="bbox 1740 1270 2045 1347">
    <p class='ocr_par' dir='ltr' id='par_1_3' title="bbox 1740 1270 2045 1347">
     <span class='ocr_line' id='line_1_4' title="bbox 1740 1270 2045 1347; baseline 0.007 -16"><span class='ocrx_word' id='word_1_19' title='bbox 1740 1271 1797 1347; x_wconf 91' lang='lat'>1,</span> <span class='ocrx_word' id='word_1_20' title='bbox 1835 1270 2045 1334; x_wconf 79' lang='lat'><strong>21-24.</strong></span> 
     </span>
    </p>
   </div>
   <div class='ocr_carea' id='block_1_4' title="bbox 815 1486 2962 3908">
    <p class='ocr_par' dir='ltr' id='par_1_4' title="bbox 815 1486 2962 3908">
     <span class='ocr_line' id='line_1_5' title="bbox 902 1486 2959 1570; baseline -0.001 -22"><span class='ocrx_word' id='word_1_21' title='bbox 902 1487 1112 1549; x_wconf 89' lang='lat' dir='ltr'>Verba</span> <span class='ocrx_word' id='word_1_22' title='bbox 1148 1490 1200 1546; x_wconf 80' lang='grc' dir='ltr'>ἐν</span> <span class='ocrx_word' id='word_1_23' title='bbox 1235 1491 1300 1569; x_wconf 85' lang='grc' dir='ltr'>τῇ</span> <span class='ocrx_word' id='word_1_24' title='bbox 1339 1487 1496 1570; x_wconf 94' lang='grc' dir='ltr'>σοφίᾳ</span> <span class='ocrx_word' id='word_1_25' title='bbox 1529 1492 1618 1546; x_wconf 86' lang='grc' dir='ltr'>τοῦ</span> <span class='ocrx_word' id='word_1_26' title='bbox 1659 1488 1801 1547; x_wconf 89' lang='grc' dir='ltr'>Θεοῦ</span> <span class='ocrx_word' id='word_1_27' title='bbox 1842 1486 2082 1548; x_wconf 88' lang='lat' dir='ltr'>omissa</span> <span class='ocrx_word' id='word_1_28' title='bbox 2124 1504 2261 1547; x_wconf 88' lang='lat' dir='ltr'>esse</span> <span class='ocrx_word' id='word_1_29' title='bbox 2304 1486 2601 1564; x_wconf 90' lang='lat' dir='ltr'>mallem,</span> <span class='ocrx_word' id='word_1_30' title='bbox 2652 1494 2959 1565; x_wconf 80' lang='lat' dir='ltr'><strong>tanquam</strong></span> 
     </span>
     <span class='ocr_line' id='line_1_6' title="bbox 817 1592 2960 1677; baseline -0.001 -22"><span class='ocrx_word' id='word_1_31' title='bbox 817 1593 1321 1673; x_wconf 86' lang='lat' dir='ltr'>dittographiam</span> <span class='ocrx_word' id='word_1_32' title='bbox 1349 1595 1689 1655; x_wconf 84' lang='lat' dir='ltr'>verborum</span> <span class='ocrx_word' id='word_1_33' title='bbox 1713 1593 1911 1667; x_wconf 78' lang='grc' dir='ltr'>διὰ-τῆς</span> <span class='ocrx_word' id='word_1_34' title='bbox 1934 1593 2121 1677; x_wconf 82' lang='grc' dir='ltr'>σοφίας</span> <span class='ocrx_word' id='word_1_35' title='bbox 2145 1593 2232 1654; x_wconf 84' lang='grc' dir='ltr'>τὸν</span> <span class='ocrx_word' id='word_1_36' title='bbox 2252 1592 2411 1655; x_wconf 86' lang='grc' dir='ltr'>Θεόν.</span> <span class='ocrx_word' id='word_1_37' title='bbox 2447 1593 2742 1656; x_wconf 87' lang='lat' dir='ltr'>Primum</span> <span class='ocrx_word' id='word_1_38' title='bbox 2763 1596 2832 1655; x_wconf 90' lang='lat' dir='ltr'>in</span> <span class='ocrx_word' id='word_1_39' title='bbox 2858 1593 2960 1655; x_wconf 89' lang='lat' dir='ltr'>his</span> 
     </span>
     <span class='ocr_line' id='line_1_7' title="bbox 817 1696 2961 1784; baseline -0.001 -21"><span class='ocrx_word' id='word_1_40' title='bbox 817 1719 949 1781; x_wconf 86' lang='lat' dir='ltr'>cap.</span> <span class='ocrx_word' id='word_1_41' title='bbox 986 1699 1209 1780; x_wconf 88' lang='lat'>(1-111)</span> <span class='ocrx_word' id='word_1_42' title='bbox 1258 1696 1448 1763; x_wconf 55' lang='lat' dir='ltr'>rerba</span> <span class='ocrx_word' id='word_1_43' title='bbox 1487 1701 1645 1784; x_wconf 90' lang='grc' dir='ltr'>σοφία</span> <span class='ocrx_word' id='word_1_44' title='bbox 1677 1704 1823 1763; x_wconf 83' lang='grc' dir='ltr'>Θεοῦ</span> <span class='ocrx_word' id='word_1_45' title='bbox 1859 1701 2161 1763; x_wconf 89' lang='lat' dir='ltr'>eumdem</span> <span class='ocrx_word' id='word_1_46' title='bbox 2194 1719 2447 1779; x_wconf 82' lang='lat' dir='ltr'>semper</span> <span class='ocrx_word' id='word_1_47' title='bbox 2481 1718 2747 1763; x_wconf 87' lang='lat' dir='ltr'>sensum</span> <span class='ocrx_word' id='word_1_48' title='bbox 2782 1718 2961 1781; x_wconf 90' lang='lat' dir='ltr'>prae—</span> 
     </span>
     <span class='ocr_line' id='line_1_8' title="bbox 815 1791 2957 1888; baseline 0 -18"><span class='ocrx_word' id='word_1_49' title='bbox 815 1808 971 1870; x_wconf 85' lang='lat' dir='ltr'>bent</span> <span class='ocrx_word' id='word_1_50' title='bbox 1012 1826 1026 1869; x_wconf 88' lang='lat'>:</span> <span class='ocrx_word' id='word_1_51' title='bbox 1073 1808 1535 1885; x_wconf 84' lang='lat' dir='ltr'>evangelium,&#39;</span> <span class='ocrx_word' id='word_1_52' title='bbox 1585 1791 2128 1888; x_wconf 83' lang='lat' dir='ltr'>praedicationem</span> <span class='ocrx_word' id='word_1_53' title='bbox 2189 1809 2397 1870; x_wconf 87' lang='lat' dir='ltr'>crucis</span> <span class='ocrx_word' id='word_1_54' title='bbox 2445 1808 2684 1888; x_wconf 87' lang='lat' dir='ltr'>ubique</span> <span class='ocrx_word' id='word_1_55' title='bbox 2737 1808 2957 1887; x_wconf 84' lang='lat' dir='ltr'>desig-</span> 
     </span>
     <span class='ocr_line' id='line_1_9' title="bbox 817 1915 2955 1995; baseline 0.001 -19"><span class='ocrx_word' id='word_1_56' title='bbox 817 1923 1010 1991; x_wconf 85' lang='lat' dir='ltr'>nant,</span> <span class='ocrx_word' id='word_1_57' title='bbox 1075 1933 1399 1995; x_wconf 84' lang='lat' dir='ltr'>nusquam</span> <span class='ocrx_word' id='word_1_58' title='bbox 1461 1925 1679 1978; x_wconf 89' lang='lat' dir='ltr'>autem</span> <span class='ocrx_word' id='word_1_59' title='bbox 1745 1916 1868 1977; x_wconf 90' lang='lat' dir='ltr'>Dei</span> <span class='ocrx_word' id='word_1_60' title='bbox 1935 1917 2004 1976; x_wconf 87' lang='lat' dir='ltr'>in</span> <span class='ocrx_word' id='word_1_61' title='bbox 2077 1917 2400 1978; x_wconf 78' lang='lat' dir='ltr'>creatione</span> <span class='ocrx_word' id='word_1_62' title='bbox 2471 1915 2955 1979; x_wconf 72' lang='lat' dir='ltr'>revelationem.</span> 
     </span>
     <span class='ocr_line' id='line_1_10' title="bbox 819 2010 2961 2108; baseline 0 -25"><span class='ocrx_word' id='word_1_63' title='bbox 819 2021 997 2096; x_wconf 88' lang='lat' dir='ltr'>Quin</span> <span class='ocrx_word' id='word_1_64' title='bbox 1033 2022 1229 2083; x_wconf 89' lang='lat' dir='ltr'>etiam</span> <span class='ocrx_word' id='word_1_65' title='bbox 1268 2022 1461 2085; x_wconf 86' lang='lat' dir='ltr'>verba</span> <span class='ocrx_word' id='word_1_66' title='bbox 1498 2023 1550 2081; x_wconf 81' lang='grc' dir='ltr'>ἐν</span> <span class='ocrx_word' id='word_1_67' title='bbox 1591 2029 1656 2105; x_wconf 83' lang='grc' dir='ltr'>τῇ</span> <span class='ocrx_word' id='word_1_68' title='bbox 1703 2024 1863 2108; x_wconf 88' lang='grc' dir='ltr'>σοφίᾳ</span> <span class='ocrx_word' id='word_1_69' title='bbox 1900 2035 1995 2084; x_wconf 82' lang='grc' dir='ltr'>τοῦ</span> <span class='ocrx_word' id='word_1_70' title='bbox 2036 2026 2177 2085; x_wconf 90' lang='grc' dir='ltr'>Θεοῦ</span> <span class='ocrx_word' id='word_1_71' title='bbox 2219 2023 2584 2101; x_wconf 87' lang='lat' dir='ltr'>impediunt</span> <span class='ocrx_word' id='word_1_72' title='bbox 2618 2010 2961 2085; x_wconf 80' lang='lat' dir='ltr'>intricant-</span> 
     </span>
     <span class='ocr_line' id='line_1_11' title="bbox 820 2130 2958 2209; baseline 0.001 -19"><span class='ocrx_word' id='word_1_73' title='bbox 820 2147 946 2209; x_wconf 87' lang='lat' dir='ltr'>que</span> <span class='ocrx_word' id='word_1_74' title='bbox 978 2130 1351 2207; x_wconf 72' lang='lat' dir='ltr'>periodum,</span> <span class='ocrx_word' id='word_1_75' title='bbox 1392 2148 1592 2208; x_wconf 86' lang='lat' dir='ltr'>quae,</span> <span class='ocrx_word' id='word_1_76' title='bbox 1637 2148 1751 2191; x_wconf 88' lang='lat' dir='ltr'>cur</span> <span class='ocrx_word' id='word_1_77' title='bbox 1797 2130 1955 2192; x_wconf 88' lang='lat' dir='ltr'>adeo</span> <span class='ocrx_word' id='word_1_78' title='bbox 1998 2149 2322 2191; x_wconf 89' lang='lat' dir='ltr'>summam</span> <span class='ocrx_word' id='word_1_79' title='bbox 2361 2130 2551 2193; x_wconf 80' lang='lat' dir='ltr'>Godet</span> <span class='ocrx_word' id='word_1_80' title='bbox 2586 2131 2958 2192; x_wconf 86' lang='lat' dir='ltr'>admiratio-</span> 
     </span>
     <span class='ocr_line' id='line_1_12' title="bbox 822 2237 2962 2318; baseline 0.001 -22"><span class='ocrx_word' id='word_1_81' title='bbox 822 2253 976 2297; x_wconf 83' lang='lat' dir='ltr'>nem</span> <span class='ocrx_word' id='word_1_82' title='bbox 1016 2243 1301 2310; x_wconf 87' lang='lat' dir='ltr'>moveat,</span> <span class='ocrx_word' id='word_1_83' title='bbox 1354 2254 1482 2298; x_wconf 88' lang='lat' dir='ltr'>non</span> <span class='ocrx_word' id='word_1_84' title='bbox 1516 2254 1740 2315; x_wconf 82' lang='lat' dir='ltr'>capere</span> <span class='ocrx_word' id='word_1_85' title='bbox 1782 2238 1981 2300; x_wconf 84' lang='lat' dir='ltr'>fateor</span> <span class='ocrx_word' id='word_1_86' title='bbox 2012 2244 2296 2318; x_wconf 71' lang='lat' dir='ltr'>etquam</span> <span class='ocrx_word' id='word_1_87' title='bbox 2330 2238 2550 2317; x_wconf 91' lang='lat' dir='ltr'>procul</span> <span class='ocrx_word' id='word_1_88' title='bbox 2582 2237 2805 2312; x_wconf 79' lang='lat' dir='ltr'>dubio,</span> <span class='ocrx_word' id='word_1_89' title='bbox 2840 2237 2962 2299; x_wconf 86' lang='lat' dir='ltr'>hoc</span> 
     </span>
     <span class='ocr_line' id='line_1_13' title="bbox 821 2344 2960 2426; baseline 0 -21"><span class='ocrx_word' id='word_1_90' title='bbox 821 2362 974 2425; x_wconf 88' lang='lat' dir='ltr'>pace</span> <span class='ocrx_word' id='word_1_91' title='bbox 1011 2344 1202 2407; x_wconf 81' lang='lat' dir='ltr'>Godet</span> <span class='ocrx_word' id='word_1_92' title='bbox 1241 2345 1485 2421; x_wconf 83' lang='lat' dir='ltr'>dicam,</span> <span class='ocrx_word' id='word_1_93' title='bbox 1525 2344 1705 2408; x_wconf 87' lang='lat' dir='ltr'>Plato</span> <span class='ocrx_word' id='word_1_94' title='bbox 1749 2346 2027 2407; x_wconf 90' lang='lat' dir='ltr'>minime</span> <span class='ocrx_word' id='word_1_95' title='bbox 2061 2345 2445 2426; x_wconf 80' lang='lat' dir='ltr'>scripsisset.</span> <span class='ocrx_word' id='word_1_96' title='bbox 2479 2345 2730 2419; x_wconf 82' lang='lat' dir='ltr'>Quibus</span> <span class='ocrx_word' id='word_1_97' title='bbox 2759 2347 2960 2407; x_wconf 89' lang='lat' dir='ltr'>omis-</span> 
     </span>
     <span class='ocr_line' id='line_1_14' title="bbox 823 2452 2956 2531; baseline 0.001 -18"><span class='ocrx_word' id='word_1_98' title='bbox 823 2452 911 2513; x_wconf 87' lang='lat' dir='ltr'>sis</span> <span class='ocrx_word' id='word_1_99' title='bbox 945 2460 1186 2528; x_wconf 89' lang='lat' dir='ltr'>contra‚</span> <span class='ocrx_word' id='word_1_100' title='bbox 1223 2461 1393 2514; x_wconf 87' lang='lat' dir='ltr'>recte</span> <span class='ocrx_word' id='word_1_101' title='bbox 1426 2454 1648 2514; x_wconf 87' lang='lat' dir='ltr'>omnia</span> <span class='ocrx_word' id='word_1_102' title='bbox 1684 2472 1750 2514; x_wconf 90' lang='lat' dir='ltr'>se</span> <span class='ocrx_word' id='word_1_103' title='bbox 1799 2454 2059 2514; x_wconf 85' lang='lat' dir='ltr'>hahent.</span> <span class='ocrx_word' id='word_1_104' title='bbox 2094 2454 2262 2514; x_wconf 90' lang='lat' dir='ltr'>Tum</span> <span class='ocrx_word' id='word_1_105' title='bbox 2293 2453 2497 2515; x_wconf 89' lang='lat' dir='ltr'>oratio</span> <span class='ocrx_word' id='word_1_106' title='bbox 2528 2453 2601 2514; x_wconf 88' lang='lat' dir='ltr'>fit</span> <span class='ocrx_word' id='word_1_107' title='bbox 2634 2452 2956 2531; x_wconf 83' lang='lat' dir='ltr'>expedita,</span> 
     </span>
     <span class='ocr_line' id='line_1_15' title="bbox 824 2558 2960 2640; baseline 0.001 -21"><span class='ocrx_word' id='word_1_108' title='bbox 824 2565 963 2620; x_wconf 90' lang='lat' dir='ltr'>tum</span> <span class='ocrx_word' id='word_1_109' title='bbox 1003 2558 1337 2639; x_wconf 90' lang='lat' dir='ltr'>perspicua</span> <span class='ocrx_word' id='word_1_110' title='bbox 1371 2577 1445 2621; x_wconf 90' lang='lat' dir='ltr'>ac</span> <span class='ocrx_word' id='word_1_111' title='bbox 1485 2561 1838 2622; x_wconf 90' lang='lat' dir='ltr'>cohaerens</span> <span class='ocrx_word' id='word_1_112' title='bbox 1878 2559 2371 2639; x_wconf 85' lang='lat' dir='ltr'>argumentatio.</span> <span class='ocrx_word' id='word_1_113' title='bbox 2409 2559 2652 2621; x_wconf 89' lang='lat' dir='ltr'>Paulus</span> <span class='ocrx_word' id='word_1_114' title='bbox 2686 2560 2960 2640; x_wconf 86' lang='lat' dir='ltr'>prophe-</span> 
     </span>
     <span class='ocr_line' id='line_1_16' title="bbox 826 2665 2961 2745; baseline 0 -19"><span class='ocrx_word' id='word_1_115' title='bbox 826 2672 1034 2726; x_wconf 91' lang='lat' dir='ltr'>tarum</span> <span class='ocrx_word' id='word_1_116' title='bbox 1075 2665 1244 2726; x_wconf 87' lang='lat' dir='ltr'>dicta</span> <span class='ocrx_word' id='word_1_117' title='bbox 1275 2676 1772 2741; x_wconf 89' lang='lat' dir='ltr'>commemorat,</span> <span class='ocrx_word' id='word_1_118' title='bbox 1814 2667 2052 2745; x_wconf 87' lang='lat' dir='ltr'>quihus</span> <span class='ocrx_word' id='word_1_119' title='bbox 2098 2667 2397 2728; x_wconf 88' lang='lat' dir='ltr'>nuntiata</span> <span class='ocrx_word' id='word_1_120' title='bbox 2442 2667 2564 2728; x_wconf 83' lang='lat' dir='ltr'>fuit</span> <span class='ocrx_word' id='word_1_121' title='bbox 2607 2665 2961 2744; x_wconf 86' lang='lat' dir='ltr'>sapientiae</span> 
     </span>
     <span class='ocr_line' id='line_1_17' title="bbox 824 2765 2960 2853; baseline 0.002 -23"><span class='ocrx_word' id='word_1_122' title='bbox 824 2765 1059 2832; x_wconf 87' lang='lat' dir='ltr'>mundi</span> <span class='ocrx_word' id='word_1_123' title='bbox 1097 2773 1363 2836; x_wconf 75' lang='lat' dir='ltr'>eversio,</span> <span class='ocrx_word' id='word_1_124' title='bbox 1414 2771 1663 2835; x_wconf 88' lang='lat' dir='ltr'>Clamat</span> <span class='ocrx_word' id='word_1_125' title='bbox 1706 2792 1719 2834; x_wconf 76' lang='grc' dir='ltr'>ε</span> <span class='ocrx_word' id='word_1_126' title='bbox 1772 2797 1804 2829; x_wconf 93' lang='lat'>«</span> <span class='ocrx_word' id='word_1_127' title='bbox 1860 2773 1990 2836; x_wconf 89' lang='lat' dir='ltr'>Ubi</span> <span class='ocrx_word' id='word_1_128' title='bbox 2039 2773 2339 2853; x_wconf 83' lang='lat' dir='ltr'>sapiens?</span> <span class='ocrx_word' id='word_1_129' title='bbox 2386 2773 2495 2836; x_wconf 88' lang='lat' dir='ltr'>ubi</span> <span class='ocrx_word' id='word_1_130' title='bbox 2546 2772 2805 2835; x_wconf 69' lang='lat' dir='ltr'>scriba?</span> <span class='ocrx_word' id='word_1_131' title='bbox 2849 2773 2960 2835; x_wconf 89' lang='lat' dir='ltr'>ubi</span> 
     </span>
     <span class='ocr_line' id='line_1_18' title="bbox 823 2879 2962 2961; baseline 0 -20"><span class='ocrx_word' id='word_1_132' title='bbox 823 2880 1223 2958; x_wconf 87' lang='lat' dir='ltr'>conquisitor</span> <span class='ocrx_word' id='word_1_133' title='bbox 1252 2880 1451 2961; x_wconf 89' lang='lat' dir='ltr'>hujus</span> <span class='ocrx_word' id='word_1_134' title='bbox 1473 2880 1758 2943; x_wconf 83' lang='lat' dir='ltr'>saeculi?</span> <span class='ocrx_word' id='word_1_135' title='bbox 1785 2881 2022 2944; x_wconf 90' lang='lat' dir='ltr'>Nonne</span> <span class='ocrx_word' id='word_1_136' title='bbox 2044 2880 2304 2943; x_wconf 83' lang='lat' dir='ltr'>stultam</span> <span class='ocrx_word' id='word_1_137' title='bbox 2337 2879 2484 2942; x_wconf 86' lang='lat' dir='ltr'>fecit</span> <span class='ocrx_word' id='word_1_138' title='bbox 2509 2880 2683 2941; x_wconf 89' lang='lat' dir='ltr'>Deus</span> <span class='ocrx_word' id='word_1_139' title='bbox 2709 2880 2962 2960; x_wconf 89' lang='lat' dir='ltr'>sapien-</span> 
     </span>
     <span class='ocr_line' id='line_1_19' title="bbox 827 2986 2960 3070; baseline -0.001 -21"><span class='ocrx_word' id='word_1_140' title='bbox 827 2986 980 3049; x_wconf 88' lang='lat' dir='ltr'>tiam</span> <span class='ocrx_word' id='word_1_141' title='bbox 1018 2988 1214 3067; x_wconf 85' lang='lat' dir='ltr'>hujus</span> <span class='ocrx_word' id='word_1_142' title='bbox 1258 2988 1541 3050; x_wconf 84' lang='lat' dir='ltr'>mundi?</span> <span class='ocrx_word' id='word_1_143' title='bbox 1582 2989 1875 3051; x_wconf 81' lang='lat' dir='ltr'>Profecto</span> <span class='ocrx_word' id='word_1_144' title='bbox 1921 2987 2217 3070; x_wconf 89' lang='lat' dir='ltr'>quidem,</span> <span class='ocrx_word' id='word_1_145' title='bbox 2269 3005 2420 3048; x_wconf 89' lang='lat' dir='ltr'>nam</span> <span class='ocrx_word' id='word_1_146' title='bbox 2468 3005 2616 3049; x_wconf 94' lang='lat' dir='ltr'>cum</span> <span class='ocrx_word' id='word_1_147' title='bbox 2674 2986 2960 3048; x_wconf 90' lang='lat' dir='ltr'>mundus</span> 
     </span>
     <span class='ocr_line' id='line_1_20' title="bbox 824 3094 2960 3175; baseline -0.001 -18"><span class='ocrx_word' id='word_1_148' title='bbox 824 3112 941 3157; x_wconf 88' lang='lat' dir='ltr'>sua</span> <span class='ocrx_word' id='word_1_149' title='bbox 969 3094 1284 3175; x_wconf 88' lang='lat' dir='ltr'>sapientia</span> <span class='ocrx_word' id='word_1_150' title='bbox 1314 3113 1444 3159; x_wconf 91' lang='lat' dir='ltr'>non</span> <span class='ocrx_word' id='word_1_151' title='bbox 1479 3105 1809 3159; x_wconf 85' lang='lat' dir='ltr'>assecutus</span> <span class='ocrx_word' id='word_1_152' title='bbox 1851 3096 1936 3157; x_wconf 86' lang='lat' dir='ltr'>sit</span> <span class='ocrx_word' id='word_1_153' title='bbox 1974 3104 2044 3158; x_wconf 89' lang='lat' dir='ltr'>ut</span> <span class='ocrx_word' id='word_1_154' title='bbox 2085 3096 2294 3157; x_wconf 90' lang='lat' dir='ltr'>Deum</span> <span class='ocrx_word' id='word_1_155' title='bbox 2331 3102 2783 3173; x_wconf 85' lang='lat' dir='ltr'>cognosceret,</span> <span class='ocrx_word' id='word_1_156' title='bbox 2826 3095 2960 3156; x_wconf 92' lang='lat' dir='ltr'>Deo</span> 
     </span>
     <span class='ocr_line' id='line_1_21' title="bbox 824 3201 2958 3283; baseline 0 -21"><span class='ocrx_word' id='word_1_157' title='bbox 824 3201 1066 3283; x_wconf 86' lang='lat' dir='ltr'>placuit</span> <span class='ocrx_word' id='word_1_158' title='bbox 1110 3223 1222 3282; x_wconf 91' lang='lat' dir='ltr'>per</span> <span class='ocrx_word' id='word_1_159' title='bbox 1255 3204 1596 3276; x_wconf 84' lang='lat' dir='ltr'>stultitiam</span> <span class='ocrx_word' id='word_1_160' title='bbox 1639 3203 2138 3283; x_wconf 87' lang='lat' dir='ltr'>praedicationis</span> <span class='ocrx_word' id='word_1_161' title='bbox 2189 3203 2396 3264; x_wconf 90' lang='lat' dir='ltr'>salvos</span> <span class='ocrx_word' id='word_1_162' title='bbox 2444 3205 2652 3264; x_wconf 84' lang='lat' dir='ltr'>facere</span> <span class='ocrx_word' id='word_1_163' title='bbox 2687 3203 2958 3263; x_wconf 80' lang='lat' dir='ltr'>creden-</span> 
     </span>
     <span class='ocr_line' id='line_1_22' title="bbox 826 3310 2962 3394; baseline 0 -25"><span class='ocrx_word' id='word_1_164' title='bbox 826 3316 940 3373; x_wconf 81' lang='lat' dir='ltr'>tes,</span> <span class='ocrx_word' id='word_1_165' title='bbox 984 3333 1010 3365; x_wconf 70' lang='lat'>1&gt;</span> <span class='ocrx_word' id='word_1_166' title='bbox 1045 3311 1270 3389; x_wconf 90' lang='lat' dir='ltr'>Itaque</span> <span class='ocrx_word' id='word_1_167' title='bbox 1311 3312 1501 3373; x_wconf 83' lang='lat' dir='ltr'>verba</span> <span class='ocrx_word' id='word_1_168' title='bbox 1541 3316 1592 3370; x_wconf 81' lang='grc' dir='ltr'>ἐν</span> <span class='ocrx_word' id='word_1_169' title='bbox 1631 3317 1697 3393; x_wconf 85' lang='grc' dir='ltr'>τῇ</span> <span class='ocrx_word' id='word_1_170' title='bbox 1740 3310 1898 3394; x_wconf 88' lang='grc' dir='ltr'>σοφίᾳ</span> <span class='ocrx_word' id='word_1_171' title='bbox 1940 3316 2030 3370; x_wconf 86' lang='grc' dir='ltr'>τοῦ</span> <span class='ocrx_word' id='word_1_172' title='bbox 2076 3312 2216 3371; x_wconf 90' lang='grc' dir='ltr'>Θεοῦ</span> <span class='ocrx_word' id='word_1_173' title='bbox 2265 3328 2657 3389; x_wconf 86' lang='lat' dir='ltr'>supervacua</span> <span class='ocrx_word' id='word_1_174' title='bbox 2699 3318 2851 3370; x_wconf 90' lang='lat' dir='ltr'>sunt</span> <span class='ocrx_word' id='word_1_175' title='bbox 2902 3317 2962 3371; x_wconf 91' lang='lat' dir='ltr'>et</span> 
     </span>
     <span class='ocr_line' id='line_1_23' title="bbox 826 3415 2960 3496; baseline 0 -19"><span class='ocrx_word' id='word_1_176' title='bbox 826 3415 1087 3478; x_wconf 88' lang='lat' dir='ltr'>absona.</span> <span class='ocrx_word' id='word_1_177' title='bbox 1118 3417 1295 3491; x_wconf 85' lang='lat' dir='ltr'>Quae</span> <span class='ocrx_word' id='word_1_178' title='bbox 1327 3417 1491 3479; x_wconf 89' lang='lat' dir='ltr'>tueri</span> <span class='ocrx_word' id='word_1_179' title='bbox 1517 3435 1590 3478; x_wconf 87' lang='lat' dir='ltr'>ea</span> <span class='ocrx_word' id='word_1_180' title='bbox 1619 3418 1882 3478; x_wconf 88' lang='lat' dir='ltr'>demum</span> <span class='ocrx_word' id='word_1_181' title='bbox 1913 3417 2049 3495; x_wconf 86' lang='lat' dir='ltr'>lege</span> <span class='ocrx_word' id='word_1_182' title='bbox 2073 3417 2302 3496; x_wconf 78' lang='lat' dir='ltr'>poesie,</span> <span class='ocrx_word' id='word_1_183' title='bbox 2333 3425 2401 3479; x_wconf 87' lang='lat' dir='ltr'>ut</span> <span class='ocrx_word' id='word_1_184' title='bbox 2430 3418 2499 3477; x_wconf 92' lang='lat' dir='ltr'>in</span> <span class='ocrx_word' id='word_1_185' title='bbox 2531 3416 2667 3477; x_wconf 88' lang='lat' dir='ltr'>illis</span> <span class='ocrx_word' id='word_1_186' title='bbox 2698 3433 2960 3496; x_wconf 88' lang='lat' dir='ltr'>operose</span> 
     </span>
     <span class='ocr_line' id='line_1_24' title="bbox 829 3525 2958 3606; baseline 0.001 -22"><span class='ocrx_word' id='word_1_187' title='bbox 829 3525 1214 3585; x_wconf 87' lang='lat' dir='ltr'>sententiam</span> <span class='ocrx_word' id='word_1_188' title='bbox 1247 3543 1610 3605; x_wconf 88' lang='lat' dir='ltr'>expressam</span> <span class='ocrx_word' id='word_1_189' title='bbox 1642 3526 1882 3602; x_wconf 81' lang='lat' dir='ltr'>videaS‚</span> <span class='ocrx_word' id='word_1_190' title='bbox 1923 3545 2087 3606; x_wconf 89' lang='lat' dir='ltr'>quae</span> <span class='ocrx_word' id='word_1_191' title='bbox 2117 3525 2397 3589; x_wconf 85' lang='lat' dir='ltr'>orationi</span> <span class='ocrx_word' id='word_1_192' title='bbox 2426 3525 2639 3587; x_wconf 89' lang='lat' dir='ltr'>aliena</span> <span class='ocrx_word' id='word_1_193' title='bbox 2677 3534 2802 3600; x_wconf 86' lang='lat' dir='ltr'>est,</span> <span class='ocrx_word' id='word_1_194' title='bbox 2848 3543 2958 3586; x_wconf 90' lang='lat' dir='ltr'>ne-</span> 
     </span>
     <span class='ocr_line' id='line_1_25' title="bbox 826 3629 2961 3712; baseline 0.001 -21"><span class='ocrx_word' id='word_1_195' title='bbox 826 3629 981 3692; x_wconf 87' lang='lat' dir='ltr'>dum</span> <span class='ocrx_word' id='word_1_196' title='bbox 1030 3638 1322 3694; x_wconf 83' lang='lat' dir='ltr'>contextu</span> <span class='ocrx_word' id='word_1_197' title='bbox 1379 3632 1755 3712; x_wconf 90' lang='lat' dir='ltr'>postuletur.</span> <span class='ocrx_word' id='word_1_198' title='bbox 1814 3634 1952 3708; x_wconf 87' lang='lat' dir='ltr'>Qua</span> <span class='ocrx_word' id='word_1_199' title='bbox 2006 3633 2354 3696; x_wconf 88' lang='lat' dir='ltr'>omissione</span> <span class='ocrx_word' id='word_1_200' title='bbox 2405 3650 2601 3712; x_wconf 88' lang='lat' dir='ltr'>quam</span> <span class='ocrx_word' id='word_1_201' title='bbox 2657 3632 2961 3712; x_wconf 90' lang='lat' dir='ltr'>proposui</span> 
     </span>
     <span class='ocr_line' id='line_1_26' title="bbox 825 3739 2962 3819; baseline 0 -21"><span class='ocrx_word' id='word_1_202' title='bbox 825 3747 1213 3817; x_wconf 86' lang='lat' dir='ltr'>perpetrata,</span> <span class='ocrx_word' id='word_1_203' title='bbox 1263 3740 1574 3819; x_wconf 89' lang='lat' dir='ltr'>oppositio</span> <span class='ocrx_word' id='word_1_204' title='bbox 1626 3740 1904 3803; x_wconf 87' lang='lat' dir='ltr'>duorum</span> <span class='ocrx_word' id='word_1_205' title='bbox 1956 3741 2396 3804; x_wconf 86' lang='lat' dir='ltr'>membrorum</span> <span class='ocrx_word' id='word_1_206' title='bbox 2449 3759 2508 3800; x_wconf 90' lang='lat' dir='ltr'>v.</span> <span class='ocrx_word' id='word_1_207' title='bbox 2561 3739 2627 3799; x_wconf 76' lang='lat'>21</span> <span class='ocrx_word' id='word_1_208' title='bbox 2686 3739 2962 3817; x_wconf 83' lang='lat' dir='ltr'>perfecta</span> 
     </span>
     <span class='ocr_line' id='line_1_27' title="bbox 828 3844 1149 3908; baseline 0.003 -3"><span class='ocrx_word' id='word_1_209' title='bbox 828 3844 1102 3908; x_wconf 89' lang='lat' dir='ltr'>efficitur</span> <span class='ocrx_word' id='word_1_210' title='bbox 1135 3867 1149 3906; x_wconf 72' lang='grc' dir='ltr'><em>τ</em></span> 
     </span>
    </p>
   </div>
   <div class='ocr_carea' id='block_1_5' title="bbox 983 4059 2794 4362">
    <p class='ocr_par' dir='ltr' id='par_1_5' title="bbox 983 4059 2794 4362">
     <span class='ocr_line' id='line_1_28' title="bbox 985 4059 2158 4141; baseline 0.001 -21"><span class='ocrx_word' id='word_1_211' title='bbox 985 4065 1013 4120; x_wconf 82' lang='grc' dir='ltr'><strong>ὁ</strong></span> <span class='ocrx_word' id='word_1_212' title='bbox 1040 4059 1260 4141; x_wconf 82' lang='grc' dir='ltr'>κόσμος.</span> <span class='ocrx_word' id='word_1_213' title='bbox 1330 4106 1873 4124; x_wconf 90' lang='grc'><strong>.........</strong></span> <span class='ocrx_word' id='word_1_214' title='bbox 1963 4060 2158 4128; x_wconf 78' lang='grc' dir='ltr'>ὁΘεός</span> 
     </span>
     <span class='ocr_line' id='line_1_29' title="bbox 984 4168 2438 4249; baseline 0.001 -21"><span class='ocrx_word' id='word_1_215' title='bbox 984 4172 1078 4229; x_wconf 81' lang='grc' dir='ltr'>οὐκ</span> <span class='ocrx_word' id='word_1_216' title='bbox 1111 4169 1245 4249; x_wconf 83' lang='grc' dir='ltr'><strong>ἔγνω</strong></span> <span class='ocrx_word' id='word_1_217' title='bbox 1252 4215 1870 4232; x_wconf 89' lang='grc'><strong>..........</strong></span> <span class='ocrx_word' id='word_1_218' title='bbox 1959 4168 2238 4243; x_wconf 82' lang='grc' dir='ltr'>εὐδόκησεν</span> <span class='ocrx_word' id='word_1_219' title='bbox 2265 4177 2438 4230; x_wconf 85' lang='grc' dir='ltr'>σῶσαι</span> 
     </span>
     <span class='ocr_line' id='line_1_30' title="bbox 983 4275 2794 4362; baseline 0.001 -26"><span class='ocrx_word' id='word_1_220' title='bbox 983 4275 1068 4337; x_wconf 82' lang='grc' dir='ltr'>διὰ</span> <span class='ocrx_word' id='word_1_221' title='bbox 1096 4282 1189 4351; x_wconf 74' lang='grc' dir='ltr'>τῆς</span> <span class='ocrx_word' id='word_1_222' title='bbox 1220 4277 1405 4362; x_wconf 80' lang='grc' dir='ltr'>σοφίας</span> <span class='ocrx_word' id='word_1_223' title='bbox 1415 4324 1875 4343; x_wconf 91' lang='grc'><strong>........</strong></span> <span class='ocrx_word' id='word_1_224' title='bbox 1961 4277 2045 4338; x_wconf 77' lang='grc' dir='ltr'>διὰ</span> <span class='ocrx_word' id='word_1_225' title='bbox 2080 4283 2174 4351; x_wconf 72' lang='grc' dir='ltr'>τῆς</span> <span class='ocrx_word' id='word_1_226' title='bbox 2213 4278 2415 4359; x_wconf 83' lang='grc' dir='ltr'>μωρίας</span> <span class='ocrx_word' id='word_1_227' title='bbox 2446 4283 2537 4338; x_wconf 79' lang='grc' dir='ltr'>τοῦ</span> <span class='ocrx_word' id='word_1_228' title='bbox 2566 4277 2794 4360; x_wconf 82' lang='grc' dir='ltr'>κηρύγμ.</span> 
     </span>
    </p>
   </div>
   <div class='ocr_carea' id='block_1_6' title="bbox 983 4385 2465 4460">
    <p class='ocr_par' dir='ltr' id='par_1_6' title="bbox 983 4385 2465 4460">
     <span class='ocr_line' id='line_1_31' title="bbox 983 4385 2465 4460; baseline 0.001 -16"><span class='ocrx_word' id='word_1_229' title='bbox 983 4385 1070 4447; x_wconf 84' lang='grc' dir='ltr'>τὸν</span> <span class='ocrx_word' id='word_1_230' title='bbox 1103 4385 1240 4446; x_wconf 85' lang='grc' dir='ltr'>Θεόν</span> <span class='ocrx_word' id='word_1_231' title='bbox 1247 4433 1865 4452; x_wconf 88' lang='grc'><strong>..........</strong></span> <span class='ocrx_word' id='word_1_232' title='bbox 1950 4386 2068 4460; x_wconf 71' lang='grc' dir='ltr'>τοὺς</span> <span class='ocrx_word' id='word_1_233' title='bbox 2105 4385 2465 4459; x_wconf 81' lang='grc' dir='ltr'>πιστεύοντας.</span> 
     </span>
    </p>
   </div>
   <div class='ocr_carea' id='block_1_7' title="bbox 3520 4834 3523 5574">
    <p class='ocr_par' dir='ltr' id='par_1_7' title="bbox 3520 4834 3523 5574">
     <span class='ocr_line' id='line_1_32' title="bbox 3520 4834 3523 5574; baseline 0 0"><span class='ocrx_word' id='word_1_234' title='bbox 3520 4834 3523 5574; x_wconf 95' lang='lat' dir='ltr'> </span> 
     </span>
    </p>
   </div>
  </div>
 </body>
</html>
