3559 5609
767 853 853 905 102
1719 851 1823 913 IX,
1858 851 1934 901 23.

765 969 1008 1032 Paulus
1049 969 1316 1049 μήπως...
1369 967 1620 1048 ἀδόκιμος
1662 968 1901 1048 γένωμαι
1948 967 2036 1048 (v.
2086 967 2192 1049 27)
2231 968 2484 1041 scribit,
2525 984 2655 1029 uon
2704 965 2896 1044 longe

763 1095 948 1140 secus
976 1086 1075 1139 est
1099 1096 1172 1139 ac
1203 1077 1262 1138 si
1294 1077 1651 1156 scripsisset
1677 1076 1803 1157 (οὐκ
1835 1075 2143 1159 ἔγραψα)...
2176 1077 2238 1137 τὸ
2270 1075 2527 1157 utimini
2562 1099 2666 1155 μου
2695 1074 2780 1135 ἵνα
2820 1099 2899 1141 τις

759 1188 982 1247 κενώσαι
1003 1184 1091 1265 (v.
1132 1184 1232 1266 15)
1258 1194 1371 1247 aut
1400 1185 1610 1264 potius
1636 1183 1721 1245 ἵνα
1752 1183 1829 1264 μὴ
1856 1189 2058 1265 κενωθῇ
2086 1184 2148 1245 τὸ
2174 1183 2431 1265 καύχημά
2461 1207 2581 1263 μου.

1707 1399 1804 1475 X,
1857 1397 1951 1462 13.

841 1616 943 1679 Ad
971 1615 1246 1678 arduum
1279 1635 1340 1677 v.
1375 1614 1776 1690 accedimus,
1810 1631 2005 1693 quem
2040 1613 2262 1677 nullus
2292 1622 2788 1690 commentator,
2819 1631 2901 1674 ne

763 1723 953 1787 Godet
996 1723 1299 1803 quidem,
1339 1722 1652 1784 hactenus
1697 1722 1788 1783 ita
1837 1722 2138 1801 expedire
2184 1722 2420 1802 potuit,
2456 1730 2526 1784 ut
2567 1720 2903 1783 commode

765 1829 1084 1910 facileque
1135 1847 1284 1892 cum
1347 1828 1778 1910 praegressiS‚
1837 1836 1973 1890 tum
2029 1829 2453 1908 sequentibus
2502 1827 2901 1890 adhaereret.

765 1938 1115 2000 Affirmare
1143 1946 1356 2001 tamen
1387 1939 1598 1999 ausim
1625 1934 2107 1999 cohaerentiam
2135 1937 2203 1997 in
2226 1935 2414 1997 Pauli
2441 1944 2657 1998 mente
2676 1936 2902 2009 fuisse,

763 2062 958 2126 quam
992 2047 1183 2107 etiam
1214 2044 1464 2107 curavit
1490 2052 1561 2106 ut
1590 2063 1650 2104 v.
1685 2041 1864 2126 διόπερ
1891 2042 1983 2123 (v.
2025 2044 2117 2121 14)
2150 2042 2482 2106 indicaret.
2507 2078 2582 2087 —
2611 2042 2702 2105 Ut
2730 2041 2905 2104 hunc

768 2170 829 2213 v.
867 2150 943 2216 13
979 2152 1459 2230 intelligamuS,
1496 2160 1754 2214 utamur
1785 2171 1847 2213 v.
1879 2151 1916 2212 9
1949 2160 2011 2212 et
2042 2150 2246 2212 21-22.
2283 2151 2518 2213 Nonne
2549 2150 2726 2211 vides
2763 2148 2906 2211 voci

765 2258 1056 2343 πειρασμός
1086 2260 1381 2322 eamdem
1415 2260 1545 2321 vim
1577 2259 1857 2322 dandam
1889 2277 2028 2320 esse
2069 2276 2140 2320 ac
2173 2259 2366 2319 verbo
2395 2258 2816 2341 ἐκπειράζωμεν,
2846 2263 2910 2318 et

769 2367 1033 2429 verbum
1073 2365 1288 2428 δύνασθε
1330 2366 1552 2429 eodem
1598 2367 1791 2429 modo
1835 2384 1911 2429 ac
1959 2367 2153 2429 verba
2195 2364 2414 2426 δύνασθε
2444 2365 2532 2446 (v.
2569 2364 2674 2446 21)
2700 2363 2904 2444 expli-

768 2473 1094 2536 candum?
1123 2474 1413 2537 Emendo
1441 2474 1642 2553 igitur
1678 2495 1693 2536 ε
2228 2479 2232 2483 ’

849 2581 1156 2664 Παιρασμὸς
1184 2583 1322 2660 ὑμᾶς
1349 2580 1447 2641 οὐκ
1476 2580 1717 2665 εἴληφενς
1740 2582 1981 2645 Nonne
2004 2598 2116 2643 vos
2148 2588 2253 2642 teu
2264 2579 2416 2642 tatio
2444 2577 2906 2659 apprehendit?

772 2687 905 2750 Vox
940 2685 1230 2770 πειρασμός
1259 2687 1402 2764 hic,
1440 2696 1512 2750 ut
1546 2688 1615 2748 in
1655 2688 1856 2751 Hebr.
1896 2689 2032 2763 111,
2073 2688 2109 2748 8
2146 2696 2207 2749 et
2240 2686 2312 2748 in
2350 2686 2692 2749 nonnullis
2723 2686 2907 2747 LXX

769 2795 924 2859 locis
968 2794 1345 2876 explicanda
1382 2817 1397 2858 :
1451 2796 1717 2859 tentatio
1763 2797 1844 2859 ab
1891 2796 2279 2860 hominibus
2325 2796 2461 2857 Deo
2504 2795 2704 2866 sacta,
2752 2794 2795 2853 i.
2846 2810 2904 2854 e.

770 2902 1036 2967 rebellio
1085 2911 1305 2966 contra
1353 2904 1600 2979 Deum,
1632 2923 1759 2984 qua
1808 2905 1949 2984 ejus
1996 2903 2280 2984 potentia
2329 2920 2402 2964 ac
2443 2902 2695 2983 justitia
2725 2900 2908 2979 quasi

770 3010 1135 3092 exploratur
1165 3018 1227 3073 et
1255 3010 1334 3072 ad
1364 3011 1832 3074 ostendendam
1866 3028 1933 3073 se
1965 3018 2367 3089 provocatur.

848 3120 942 3178 Οὐ
970 3116 1045 3198 μὴ
1074 3117 1433 3199 ἀνθρώπινοις
1471 3135 1690 3180 nonne
1724 3118 2030 3180 homines
2061 3116 2392 3197 (humani)
2422 3115 2576 3178 estis
2609 3115 2734 3197 (Cf.
2768 3116 2870 3178 III
2892 3128 2919 3191 ,'

770 3223 949 3301 3-4)?
983 3225 1312 3305 Frequens
1348 3234 1443 3286 est
1477 3225 1774 3288 confusio
1806 3242 2039 3287 vocum
2072 3224 2136 3285 οὐ
2170 3235 2231 3286 et
2261 3228 2307 3285 εἰ
2336 3222 2570 3306 (Bau),
2602 3241 2730 3304 qua
2765 3242 2909 3303 per-

769 3337 1034 3410 petrata,
1067 3348 1212 3392 curn
1245 3331 1405 3393 haec
1432 3332 1553 3393 tria
1580 3332 1771 3394 verba
1800 3349 1944 3394 cum
1971 3332 2507 3394 antecedentibus
2536 3330 2912 3410 colligaren-

771 3443 910 3511 tur,
943 3437 1379 3500 necessarium
1416 3439 1537 3500 fuit
1567 3440 1890 3518 corrigere
1920 3438 2232 3523 ἀνθρώπινοι
2268 3439 2340 3500 in
2371 3437 2707 3522 ἀνθρώπινος.

854 3544 1073 3622 Pergit
1108 3544 1348 3606 Paulus
1383 3571 1395 3606 :
1432 3546 1646 3608 fidelis
1688 3556 1904 3608 autem
1941 3548 2117 3609 Deus
2162 3555 2291 3622 est,
2325 3547 2438 3625 qui
2473 3564 2604 3608 non
2640 3545 2914 3624 patietur

773 3668 840 3713 se
869 3668 906 3713 a
935 3652 1113 3715 vobis
1149 3656 1375 3716 tentari
1410 3673 1601 3735 supra
1631 3655 1698 3716 id
1728 3656 1899 3735 quod
1935 3654 2214 3735 potestis,
2249 3687 2325 3701 —
2358 3654 2600 3716 Sensus
2629 3654 2760 3734 adj.
2787 3677 2909 3714 πισ-

770 3756 859 3827 τός
886 3759 1123 3849 similis
1151 3761 1257 3824 hic
1286 3771 1380 3825 est
1409 3764 1700 3844 ejusdem
1730 3764 1861 3844 adj.
1892 3762 2122 3824 sensui
2156 3762 2225 3822 in
2255 3765 2289 3823 2
2315 3761 2486 3838 Cor.‚
2514 3762 2566 3837 Ι,
2605 3761 2678 3822 18
2705 3761 2813 3823 ubi
2834 3760 2914 3821 ad

776 3867 1224 3930 vehementius
1248 3869 1709 3931 affirmandum
1735 3868 2084 3930 adhibetur
2109 3868 2311 3929 autin
2335 3870 2369 3928 2
2389 3867 2563 3928 Tim.
2589 3868 2676 3941 ΙΙ,
2706 3866 2777 3929 13
2804 3866 2916 3928 ubi

777 3974 857 4037 ad
887 3975 1271 4037 minandum
1307 3984 1675 4055 usurpatur.
1710 4009 1788 4020 -
1820 3977 1944 4036 Pro
1980 3979 2349 4058 πειρασθῆναι,
2380 3991 2618 4054 repone
2646 3983 2910 4056 πειρᾶσαι.

781 4082 986 4144 Prava
1020 4082 1211 4144 totius
1250 4081 1374 4144 loci
1423 4083 1861 4164 interpretatio
1905 4098 2099 4142 causa
2156 4082 2277 4142 fuit
2315 4099 2430 4143 cur
2479 4081 2602 4143 hoc
2640 4081 2917 4143 vocabu-

779 4185 914 4249 lum
959 4198 1476 4269 corrumperetur
1510 4209 1523 4251 :
1560 4208 1724 4269 quae
1757 4188 2205 4267 interpretatio
2235 4189 2400 4249 mihi
2444 4189 2700 4250 videtur
2734 4205 2806 4249 ex
2844 4203 2917 4248 eo

785 4302 965 4370 nata,
1000 4295 1167 4373 quod
1204 4313 1391 4357 sensu
1406 4315 1462 4356 m
1502 4313 1727 4358 vocum
1759 4293 2050 4378 πειρασμός
2081 4313 2155 4357 ac
2184 4294 2368 4362 πιστός
2401 4312 2532 4358 non
2577 4293 2913 4355 intellexe-

784 4411 936 4464 runt
978 4401 1245 4465 librarii.
1276 4404 1351 4464 In
1397 4403 1636 4466 unciali
1678 4404 2020 4483 scriptura,
2056 4402 2344 4483 syllabae
2373 4427 2463 4463 σαι
2497 4410 2557 4465 et
2585 4426 2672 4462 ουν
2708 4402 2915 4463 inter-
