3559 5609
1513 879 1591 938 11,
1628 879 1767 929 8-10.
2643 875 2707 928 29

574 996 812 1059 Menda
840 1015 876 1059 e
910 1006 1072 1076 part.
1121 995 1591 1080 ἀποκεκρυμμένην
1635 1003 1772 1059 orta
1803 977 1948 1078 est'(
1959 996 2038 1077 1),
2086 995 2272 1076 quod·
2301 997 2368 1058 in
2418 994 2707 1075 proximo

573 1106 927 1167 invenitur.
961 1104 1147 1167 Forte
1183 1105 1378 1167 etiam
1411 1104 1492 1165 ad
1522 1105 1643 1166 hoc
1672 1103 1942 1166 accessit
1969 1103 2128 1165 falsa
2162 1123 2221 1164 v,
2258 1103 2294 1165 6
2317 1103 2704 1181 interpreta-

575 1213 662 1273 tio
691 1228 888 1290 quam
925 1211 1220 1292 plerique
1262 1211 1452 1274 bodie
1480 1212 1862 1291 interpretes
1912 1216 2195 1286 tuentur,
2247 1228 2442 1291 quam
2487 1216 2703 1272 autem

574 1334 721 1379 mox
753 1317 1148 1381 refellemus.
1183 1351 1263 1367 —
1287 1319 1388 1381 Ad
1417 1322 1681 1398 λαλοῦμεν
1707 1338 1765 1380 v.
1801 1320 1853 1377 ἐν
1882 1317 2152 1401 μαρτυρίῳ
2184 1315 2541 1380 referenda.

1482 1525 1581 1611 11,
1628 1532 1803 1595 8-10.

655 1747 891 1808 Nonne
930 1747 1187 1808 miraris
1229 1747 1303 1808 in
1338 1767 1397 1811 v.
1447 1747 1518 1809 10
1563 1745 1897 1831 ἀπεκάλυψεν
1936 1747 2079 1808 sine
2123 1748 2329 1825 figura
2361 1746 2707 1810 adhiberi?

578 1854 782 1915 Vertit
819 1853 1009 1917 Godet
1039 1873 1054 1916 ε
1091 1878 1120 1910 α
1160 1854 1322 1915 Dieu
1359 1871 1520 1916 nous
1551 1852 1636 1916 les
1667 1872 1704 1915 a
1736 1854 2021 1916 revelees
2053 1872 2163 1934 par
2193 1854 2471 1932 l'Esprit.
2510 1879 2540 1912 »
2581 1854 2708 1918 Sed

577 1959 766 2023 Godet
802 1962 971 2041 ipse,
1009 1978 1137 2025 non
1181 1960 1426 2026 Paulus
1462 1977 1819 2039 pronomen
1850 1962 2022 2023 istud
2058 1961 2327 2025 inducit.
2367 1962 2603 2039 Figura
2633 1960 2705 2022 in

573 2087 635 2130 v.
665 2069 703 2130 8
734 2070 1048 2149 reperitur
1082 2093 1095 2131 :
1136 2070 1222 2144 ἥν.
1262 2069 1475 2131 Velim
1510 2070 1707 2147 igitur
1750 2086 2008 2131 mecum
2041 2070 2285 2132 scribas
2320 2069 2388 2142 ἣν
2430 2070 2596 2137 οὐδεὶς
2628 2102 2708 2115 --

573 2176 794 2256 ἔγνωκεν
824 2178 892 2257 (εἰ
923 2176 1023 2260 γὰρ
1065 2177 1299 2258 ἔγνωσαν
1327 2209 1407 2225 —
1436 2175 1710 2258 ἀγαπῶσιν
1758 2175 1973 2254 αὐτόν),
2015 2182 2141 2257 ἡμῖν
2182 2175 2239 2236 δὲ
2282 2210 2360 2222 -
2387 2175 2705 2256 πνεύματος.

576 2285 796 2363 Longa
845 2294 939 2346 est
978 2284 1322 2368 παρένθεσις,
1374 2302 1527 2346 nam
1577 2286 1847 2365 scriptor
1879 2284 2050 2347 locos
2092 2285 2441 2363 scripturae
2495 2302 2708 2347 sacrae

575 2392 780 2469 affert,
815 2392 1284 2472 verborumque
1313 2393 1471 2455 ordo
1494 2394 1575 2458 in.
1594 2410 1658 2453 v·
1690 2392 1793 2453 10·
1819 2392 2092 2472 perfecte
2120 2392 2334 2454 ordini
2365 2392 2706 2454 verborum

577 2499 644 2560 in
695 2519 755 2563 v.
805 2500 871 2561 8·
912 2499 1276 2579 respondet.
1324 2534 1404 2544 —-
1447 2498 1678 2562 Malim
1720 2498 2236 2561 Gebhardtinam
2283 2499 2626 2562 lectionem
2672 2499 2706 2557 ἃ

576 2605 913 2688 (ἡτοίμασεν)
962 2624 1265 2687 spernere
1306 2606 1779 2687 lectionemque
1825 2606 1926 2668 ὅσα
1979 2608 2266 2685 accipere
2314 2624 2511 2686 quam
2553 2606 2706 2668 boni

576 2715 886 2794 probique
935 2714 1181 2776 codices
1238 2713 1516 2788 babent,
1569 2702 1781 2793 quam'
1816 2716 2079 2793 insuper
2130 2714 2456 2793 accipiunt
2511 2692 2705 2775 Lachss

576 2841 789 2898 mann,
838 2819 1254 2901 Tischendorf,
1299 2821 1580 2887 Westcott
1611 2830 1673 2883 et
1700 2822 1888 2896 Hert,
1925 2819 2131 2883 Godet.
2167 2821 2424 2884 Etenim
2452 2821 2708 2883 facilius

492 2999 498 3004 ,
577 2929 937 2991 admittitur
967 2929 1235 2990 mutatio
1274 2948 1333 2990 v,
1368 2928 1469 2989 ὅσα
1498 2929 1568 2990 in
1609 2928 1644 2987 ἅ
1681 2927 1931 3008 (reputa
1969 2928 2205 3006 prioris
2238 2929 2272 2987 ἅ
2318 2928 2479 3010 vim)
2511 2946 2705 3008 quam

583 3035 838 3097 inversa
874 3031 1166 3098 mutatio.
1206 3035 1448 3098 Dubito
1476 3044 1690 3097 autem
1726 3053 1884 3096 num
1912 3035 2013 3097 ὅσα
2047 3038 2333 3113 genuina
2380 3036 2568 3097 lectio
2602 3036 2703 3096 sit.

583 3143 864 3222 Requiro
911 3162 924 3204 ε
970 3142 1078 3204 καὶ
1115 3143 1423 3222 ἡτοίμασεν.
1472 3143 1929 3205 Confusionem
1977 3144 2319 3205 verborum
2367 3142 2469 3204 ὅσα
2518 3152 2584 3204 et¹
2617 3143 2709 3205 καί

580 3241 1045 3312 Bast'indicat.
1104 3250 1492 3312 Habendum
1546 3259 1640 3312 est
1698 3249 1864 3312 illud
1914 3250 2006 3310 καί
2063 3268 2175 3329 pro
2233 3250 2420 3311 initio
2473 3250 2706 3329 apodo-

578 3360 664 3421 sis
691 3358 784 3442 (2)
805 3378 863 3421 v.
898 3359 955 3432 9,
992 3378 1066 3420 ex
1093 3375 1221 3439 quo
1244 3356 1436 3419 facile
1465 3356 1711 3420 orietur
1740 3358 2077 3438 explicatio
2097 3357 2339 3438 optima
2365 3358 2560 3436 hujus
2581 3378 2643 3419 v.
2670 3357 2707 3419 9

576 3467 691 3548 qui
722 3466 1120 3547 probabilem
1165 3467 1457 3528 nondum
1488 3476 1714 3530 nactus
1747 3476 1842 3528 est
1880 3467 2368 3548 explicationem
2405 3485 2419 3527 :
2463 3490 2492 3523 α
2530 3467 2709 3541 Quae

548 3741 747 3788 ‘Godet
781 3736 930 3785 illam
958 3749 1122 3798 quam
1156 3736 1366 3798 sprevit
1396 3735 1662 3800 explicat,
1695 3744 1749 3788 et
1776 3739 2012 3788 dicimus
2046 3753 2056 3787 ε
2093 3753 2205 3789 vox
2236 3738 2504 3804 μαρτύριον
2536 3752 2565 3788 e
2594 3753 2645 3789 v.
2680 3735 2710 3787 7

579 3827 811 3875 advecta
838 3826 946 3873 huc
976 3829 1075 3876 est.
1304 3883 1308 3887 Δ

642 3916 708 3979 (1)
741 3914 823 3967 Cf.
856 3914 1015 3976 Eph.‚
1047 3916 1144 3976 III,
1177 3917 1220 3965 9.
1252 3914 1390 3979 Col„
1419 3916 1462 3976 1,
1490 3916 1567 3968 26.

642 4007 707 4069 (2)
734 4023 757 4052 α
789 4005 903 4062 Καί,
924 4008 986 4052 ut
1014 4006 1167 4055 hebr.
1188 4007 1243 4066 Ἰ,
1271 4006 1468 4068 incipit
1492 4005 1784 4074 apoqpsin‚
1809 4020 1973 4068 quam
1994 4007 2073 4054 ita
2100 4021 2225 4055 cum
2247 4005 2458 4069 protasi
2478 4022 2707 4059 connec-

580 4099 703 4148 tit...
737 4113 760 4143 »
789 4094 1054 4158 (Grimm).
1093 4093 1241 4143 Usus
1273 4095 1363 4143 ille
1387 4110 1438 4146 v.
1469 4095 1553 4144 καί
1579 4095 1853 4156 apodosin
1885 4095 2224 4158 incipientiS,
2252 4098 2446 4147 similis
2480 4102 2563 4147 est
2591 4113 2708 4162 par·

579 4188 780 4237 ticulae
821 4187 876 4235 δέ
914 4184 1043 4234 usui
1080 4183 1299 4232 cuidam
1335 4185 1481 4246 apud
1516 4185 1778 4246 profanos
1814 4186 2112 4246 scriptores
2154 4190 2208 4235 et
2243 4186 2408 4235 etiam
2437 4187 2497 4235 in
2536 4187 2603 4237 N.
2645 4188 2704 4239 Τ.

583 4277 760 4336 Quem
795 4287 960 4323 usum
992 4287 1058 4322 eo
1097 4272 1314 4320 facilius
1345 4273 1403 4320 in
1437 4273 1542 4321 hoc
1576 4274 1700 4322 loco
1740 4274 2000 4335 accipies,
2037 4274 2186 4336 quod
2229 4275 2489 4325 hebraica
2518 4276 2711 4339 lingua

580 4368 812 4417 Paulum
852 4365 1101 4414 diversas
1144 4362 1537 4424 prophetarum
1575 4363 1729 4412 locos
1765 4364 2135 4412 instruentem
2167 4363 2525 4415 vehementer
2554 4365 2708 4416 solli-

580 4458 730 4506 citat.
