3559 5609
749 871 778 921 8
1742 873 1793 933 1,
1832 874 1878 923 6.

1721 1096 1790 1170 1,
1835 1096 1891 1155 6.

733 1303 739 1307 ’
827 1308 1140 1371 Nondum
1177 1308 1580 1389 explicarunt
1607 1310 1989 1388 interpretes
2014 1314 2191 1379 καθώς
2215 1311 2347 1373 nisi
2372 1328 2636 1391 operose
2662 1314 2880 1376 admo-

746 1416 904 1479 dum
949 1425 1011 1478 et
1051 1417 1429 1494 incongrue.
1483 1416 1720 1477 Melius
1768 1416 2136 1479 consultum
2188 1418 2311 1479 erit
2349 1425 2410 1478 et
2454 1420 2782 1482 contextui
2821 1430 2883 1483 et

747 1524 1177 1606 perspicuitati
1209 1571 1225 1601 ,
1270 1524 1328 1584 si
1362 1543 1423 1586 v,
1461 1526 1638 1592 καθώς
1681 1541 1945 1585 sensum
1983 1524 2398 1603 temporalem
2429 1525 2659 1587 damus
2687 1545 2881 1606 quem

747 1632 1010 1695 fortasse
1047 1618 1119 1692 in
1164 1634 1306 1692 Act.
1361 1632 1524 1705 VII,
1579 1631 1674 1705 17,
1725 1637 1791 1691 at
1831 1638 1998 1692 certe
2042 1631 2111 1691 in
2161 1631 2196 1691 2
2243 1621 2472 1708 Macc.,
2529 1633 2597 1705 Ι,
2660 1632 2729 1694 31
2793 1632 2884 1715 (1)

749 1737 959 1799 habet.
1004 1738 1236 1799 Nonne
1267 1736 1446 1810 vides
1476 1753 1742 1799 sensum
1771 1737 1961 1798 illum
1995 1737 2416 1816 temporalem
2454 1738 2535 1800 ab
2566 1738 2699 1800 illis
2728 1740 2884 1819 ipsis

749 1845 940 1906 vitari
970 1862 1100 1907 non
1130 1846 1409 1925 potuisse
1440 1846 1554 1924 qui
1583 1845 1773 1907 illum
1805 1863 1931 1907 non
1961 1846 2369 1925 acciperent?
2404 1843 2657 1907 Etenim
2689 1847 2885 1927 scrip-

751 1953 834 2013 sit
874 1950 1106 2014 Godet:
1146 1976 1172 2007 α
1220 1951 1526 2015 L'aoriste
1561 1951 1992 2033 (ἐπλουτίσθητε)
2036 1969 2103 2015 se
2134 1959 2426 2034 rapporte
2473 1951 2888 2032 simplement

752 2076 834 2120 au
875 2067 1164 2120 moment
1191 2062 1275 2121 ou
1317 2066 1425 2120 eut
1466 2058 1599 2120 lieu
1645 2059 1704 2118 la
1736 2058 2018 2148 dotatio-n
2062 2058 2422 2140 spirituelle
2462 2058 2541 2120 de
2582 2058 2883 2136 l'Eglise,

757 2164 1000 2246 lorsque
1026 2179 1095 2226 sa
1124 2166 1212 2227 foi
1241 2166 1336 2227 fut
1365 2165 1594 2227 scellee
1616 2183 1728 2245 par
1755 2165 1816 2226 la
1844 2167 2399 2230 communication
2431 2167 2509 2229 de
2538 2166 2818 2246 l'Esprit.
2854 2190 2881 2223 ι)

758 2271 1156 2334 Vertendum
1206 2271 1409 2350 igitur
1454 2299 1466 2333 :
1517 2297 1543 2328 α
1598 2275 1664 2334 in
1716 2274 2019 2336 omnibus
2064 2275 2292 2337 divites
2329 2275 2479 2337 facti
2514 2274 2703 2347 estisx,
2737 2291 2885 2334 cum

759 2378 1199 2442 testimonium
1230 2380 1476 2442 Christi
1508 2381 1712 2441 fixum
1739 2389 1803 2441 et
1838 2380 2178 2443 fundatum
2211 2383 2331 2444 fuit
2359 2383 2429 2443 in
2464 2381 2670 2445 vobis,
2713 2405 2739 2436 »

1742 2597 1914 2671 1,7.

839 2809 1006 2871 Cum
1055 2810 1249 2871 verba
1296 2808 1745 2891 ἀπεκδεχομένους
1780 2823 1857 2857 -’
1908 2814 2141 2895 Χριστοῦ
2172 2813 2482 2875 scriberet
2512 2861 2526 2887 ,
2562 2810 2788 2887 Paulo,
2824 2816 2894 2871 ut

760 2917 1007 2995 opinor,
1034 2914 1398 2979 Corinthios
1414 2935 1622 2997 neque
1645 2921 2006 2996 vituperare
2021 2918 2326 3000 (Grotius,
2357 2917 2665 2999 Ritckcrt),
2682 2935 2892 2997 neque

764 3033 999 3086 terrere
1017 3023 1415 3106 (Chryso-sa),
1439 3027 1652 3104 nedue
1667 3026 1937 3087 incitare
1958 3024 2231 3107 (Calvia,
2258 3024 2603 3107 Hofmann‚
2629 3022 2889 3105 Meyer),

764 3149 974 3212 neque
1003 3132 1334 3194 adhortari
1360 3132 1627 3214 (Reuss),
1666 3151 1876 3211 neque
1904 3133 2172 3195 irridere
2200 3132 2541 3214 (Mosheim)
2574 3133 2645 3193 in
2675 3132 2895 3192 animo

765 3247 920 3314 erat,
959 3257 1168 3318 neque
1199 3238 1346 3300 illos
1372 3239 1496 3300 sibi
1528 3240 1808 3301 nimium
1836 3239 2158 3317 placentes
2187 3240 2267 3301 ad
2298 3238 2681 3301 modestiam
2713 3253 2894 3299 revo-

765 3366 908 3411 care
941 3345 1195 3427 (Godct).
1238 3345 1641 3424 significatio
1681 3348 1855 3407 enim
1893 3348 2080 3409 totius
2117 3367 2177 3410 v,
2214 3347 2330 3408 4-8
2360 3346 2603 3425 periodi
2637 3342 2895 3406 abunde

767 3455 1086 3516 indicatur
1113 3455 1305 3517 verbo
1334 3457 1629 3537 εὐχαριστῶ
1659 3472 1788 3534 quo
1819 3455 2161 3534 incipitur,
2202 3462 2264 3515 et
2291 3453 2372 3515 ad
2401 3453 2571 3533 quod
2607 3453 2894 3514 referen-

767 3563 923 3624 dum
964 3570 1058 3623 est
1099 3562 1464 3624 membrum
1508 3560 1957 3644 ἀπεκδεχομένους
1995 3596 2071 3605 -—
2112 3563 2341 3643 Χριστοῦ
2366 3609 2379 3635 ,
2430 3577 2558 3622 non
2600 3578 2781 3622 secus
2825 3576 2897 3619 ac

768 3673 1057 3734 membra
1078 3688 1242 3749 quae
1262 3677 1411 3731 ante
1439 3677 1588 3731 sunt
1609 3678 1835 3731 etcum
1861 3667 2115 3751 ἀπεκδεχ.
2131 3702 2210 3714 --
2228 3670 2417 3750 Χριστ.
2437 3675 2609 3729 arcte
2630 3668 2897 3747 conjun-

771 3785 1031 3858 guntur.
1074 3779 1328 3840 Gratias
1358 3778 1489 3855 agit
1531 3775 1770 3839 Paulus
1805 3778 1976 3855 quod
2017 3776 2341 3839 Corinthii
2379 3776 2748 3855 pat-ousiam
2789 3794 2897 3837 ex-

772 3893 1078 3965 spectant.
1115 3886 1368 3947 Gratias
1398 3885 1534 3961 agit
1562 3884 1730 3963 quod
1761 3884 1831 3945 in
1864 3883 2184 3964 praesenti
2213 3890 2522 3961 tanquam
2552 3882 2899 3944 christiani

773 4001 922 4056 sunt
961 3992 1198 4071 quibus
1230 3991 1487 4053 nullum
1532 3991 1854 4053 charisma
1884 3991 2099 4066 deest,
2142 3990 2466 4069 etiamque
2501 3990 2736 4068 gratias
2768 3990 2901 4067 agit

832 4260 896 4323 (1)
940 4275 962 4305 «
1005 4259 1116 4308 Der
1164 4258 1455 4308 Gebrauch
1498 4273 1609 4308 von
1650 4260 1807 4315 καθώς
1845 4262 1977 4307 statt
2017 4239 2114 4308 des
2158 4259 2518 4321 temporellen
2562 4260 2628 4313 ὡς
2669 4258 2741 4305 ist
2779 4257 2899 4305 hier

769 4351 938 4412 vollig
973 4350 1348 4398 entschieden.
1376 4366 1399 4396 »
1429 4349 1820 4411 (Kurzyefasst.
1855 4354 2062 4410 exeyel.
2085 4352 2401 4399 Handbuch
2431 4362 2498 4396 zu
2532 4351 2643 4396 den
2669 4350 2897 4406 Apohr„

771 4454 881 4488 von
912 4440 1190 4488 Fritzsche
1218 4455 1269 4488 u.
1306 4437 1533 4498 Grimm,
1568 4438 1635 4486 ad
1666 4437 1793 4500 loc.)
