3559 5609
780 838 872 890 120
1683 818 1996 896 xum-³4.

777 955 906 1017 sibi
935 953 1072 1016 vult
1100 953 1416 1037 διωιρίνωνῖ
1449 953 1623 1014 Num
1655 952 1915 1014 credere
1944 951 2147 1031 possis
2174 949 2452 1012 Paulum
2485 950 2609 1012 hoc
2637 951 2902 1012 verbum

774 1063 844 1123 in
871 1081 935 1126 v,
968 1061 1043 1122 29
1072 1079 1222 1124 cum
1256 1060 1383 1123 alia
1414 1060 1888 1139 significatione
1919 1058 2329 1138 usurpavisse
2360 1065 2553 1138 atque
2580 1057 2650 1119 in
2683 1076 2745 1120 v,
2777 1055 2904 1144 31?

774 1168 959 1245 Quod
987 1168 1171 1232 nullo
1207 1168 1400 1232 modo
1441 1169 1586 1231 fieri
1628 1176 1856 1248 potest.
1903 1165 2146 1229 Paulus
2183 1168 2358 1229 enim
2396 1172 2691 1229 accurate
2729 1172 2906 1228 notat

771 1285 833 1340 et
861 1276 1203 1355 diligenter
1243 1277 1539 1339 notiones
1578 1276 1790 1338 varias
1822 1274 1964 1337 voci
2004 1273 2164 1358 κρίνω
2198 1275 2538 1356 subjectaS‚
2579 1291 2727 1336 cum
2757 1291 2901 1334 ver·
2940 1321 2953 1333 .

770 1385 925 1447 burn
963 1384 1132 1446 illud
1176 1383 1367 1447 modo
1400 1383 1669 1463 simplex
1700 1390 1836 1458 est,
1867 1382 2058 1445 modo
2089 1400 2240 1445 cum
2275 1381 2546 1444 diversis
2576 1379 2902 1462 praeposi-

769 1491 1053 1553 tionibus
1099 1492 1518 1572 conjunctum
1563 1488 1859 1573 (διακρίνω,
1909 1488 2230 1572 κατακρίνω.
2267 1521 2351 1536 —
2379 1489 2479 1552 Cf.
2521 1489 2589 1551 II
2614 1534 2628 1562 ,
2670 1486 2845 1551 13-15
2887 1505 2900 1549 :

763 1597 1045 1682 συγκρίνω,
1079 1595 1387 1681 ἀνακρίνω).
1426 1596 1602 1659 Illud
1632 1597 1798 1680 κρίμα
1826 1596 1995 1676 quod
2027 1597 2095 1657 in
2130 1617 2189 1657 v.
2229 1595 2306 1659 34
2334 1604 2475 1676 post
2504 1596 2726 1659 omnia
2752 1610 2905 1657 voce

765 1705 926 1789 κρίνω
974 1707 1328 1785 composita
1367 1707 1561 1768 verba
1601 1705 1691 1787 (v.
1743 1703 1956 1785 3132)
1994 1705 2346 1785 reperitur,
2389 1705 2527 1784 jam
2577 1703 2646 1764 in
2705 1722 2767 1763 v,
2829 1702 2903 1764 29
2940 1730 2959 1742 κ

768 1813 965 1875 etiam
1003 1813 1302 1876 occurrit.
1354 1813 1616 1893 Corrige
1664 1808 1864 1891 igitur
1903 1811 2103 1893 (quod
2140 1818 2475 1875 contextus
2513 1809 2789 1891 indicat)
2829 1807 2906 1889 μὴ

767 1920 1041 2003 διακρίνων
1064 1920 1270 1982 ἑαυτόν.
1298 1921 1584 1984 Omnino
1606 1921 1959 1983 cohaerens
1986 1929 2125 1983 tum
2154 1920 2227 1980 fit
2252 1918 2433 1982 locus
2463 1918 2642 1982 28234
2672 1936 2689 1980 ι
2725 1941 2753 1974 ι
2785 1918 2825 1979 J
2830 1936 2903 1979 u-

768 2027 977 2091 dicate
1006 2036 1255 2091 vosmet
1295 2029 1468 2108 ipsos
1500 2026 1655 2109 (28).
1695 2028 1827 2103 Qui
1870 2046 1939 2089 se
1977 2028 2148 2107 ipsos
2193 2043 2322 2089 non
2350 2025 2687 2107 judicant,
2719 2025 2905 2087 dam-

772 2136 1103 2198 nationem
1129 2136 1525 2198 manducant
1545 2152 1620 2197 ac
1645 2135 1877 2198 bibunt
1901 2135 2057 2216 (29),
2080 2134 2266 2209 Quod
2294 2134 2474 2196 vobis
2497 2133 2731 2196 accidit
2751 2131 2902 2213 (30),

770 2258 921 2304 cum
953 2243 1011 2305 si
1040 2251 1290 2305 vosmet
1313 2236 1483 2322 ipsos
1500 2243 1878 2332 judicaretis
1907 2244 2029 2306 hoc
2059 2258 2189 2305 non
2215 2242 2531 2304 accideret
2559 2241 2690 2323 (31)
2719 2249 2838 2303 etc.
2869 2265 2894 2295 ι

772 2348 1007 2412 Confer
1043 2369 1059 2412 ε

769 2454 933 2538 κρίμα
968 2460 1138 2539 ἑαυτῷ
1172 2456 1327 2518 ἐσθίει
1358 2457 1450 2518 καὶ
1477 2457 1612 2518 πίνει
1640 2458 1774 2540 (29)
1908 2459 2005 2519 οὐκ
2027 2456 2092 2519 ἂν
2115 2456 2417 2540 ἐκρινόμεθα
2440 2455 2595 2538 (31),
2618 2456 2907 2541 κρινόμενοι

1906 2564 2069 2647 (32),
2117 2565 2202 2627 ἵνα
2250 2564 2329 2646 μὴ
2385 2570 2459 2634 εἷς
2506 2565 2669 2649 κρίμα
2721 2565 2904 2648 συνέρ-

1905 2678 2070 2754 χησθε
2102 2671 2235 2753 (34)

665 2817 670 2822 ·
771 2777 848 2857 μὴ
877 2780 1149 2861 διακρίνων
1177 2777 1360 2840 ἑαυτόν
1387 2779 1520 2861 (29)
1904 2780 2232 2861 δοκιμαζέτω
2252 2778 2436 2841 ἑαυτόν
2457 2778 2614 2860 (28),
2640 2783 2686 2841 εἷ
2710 2778 2765 2840 δὲ
2787 2784 2907 2840 ἑαυ-

1856 2962 1863 2967 ‚
1902 2887 2022 2957 τοὺς
2050 2888 2368 2971 διεκρίνομεν
2398 2887 2529 2970 (31)

852 3020 1079 3082 Multis
1134 3022 1330 3083 variis
1388 3023 1595 3085 modis
1645 3021 2172 3102 palaeographice
2219 3023 2540 3101 corruptio
2597 3022 2905 3102 explicari

772 3135 995 3206 potest.
1026 3128 1318 3207 Exempli
1344 3146 1559 3205 causa,
1590 3121 1763 3205 nota',
1793 3147 1938 3191 cum
1964 3154 1991 3187 ν
2020 3137 2082 3191 et
2109 3133 2181 3205 δι,
2216 3155 2243 3188 ν
2273 3139 2335 3191 et
2363 3155 2395 3190 τ
2424 3139 2523 3192 etz
2555 3139 2617 3192 et
2641 3155 2691 3190 ιτ
2719 3149 2905 3209 saepe

770 3233 1448 3324 confundantur(Bast
1477 3244 1537 3297 et
1571 3234 1925 3317 Vollyraft),
1960 3245 2108 3298 ante
2138 3238 2222 3297 διά
2255 3239 2536 3316 potuisse
2566 3236 2748 3298 ἑαυτόν
2776 3238 2903 3299 fac-

773 3348 908 3436 tum
935 3332 1072 3402 esse
1094 3364 1249 3417 σατο,
1273 3350 1382 3403 aut
1408 3366 1469 3402 το
1490 3367 1583 3419 σα,
1617 3343 1789 3406 unde
1812 3344 1873 3404 τὸ
1894 3339 2087 3424 σῶμαξ
2119 3362 2398 3425 namque
2420 3344 2669 3411 librarii
2700 3370 2768 3405 σα
2792 3362 2921 3424 pro·

682 3436 695 3447 ’
770 3447 1151 3525 compendio
1179 3448 1354 3510 vocis
1377 3460 1537 3529 σῶμα
1560 3449 1866 3528 habuere,
1894 3452 2059 3514 sicut
2077 3454 2158 3519 Θς
2181 3467 2292 3532 pro
2311 3451 2472 3528 Θεός,
2491 3477 2551 3519 κς
2575 3466 2688 3532 pro
2706 3449 2900 3534 κύριος.

1700 3665 1859 3742 XII,
1907 3668 1960 3726 2.
2074 3761 2078 3766 .

791 3854 797 3875 ⁸
848 3849 1138 3911 Duorum
1175 3851 1517 3914 verborum
1553 3854 1741 3934 ἤγεσθε
1769 3862 1831 3915 et
1861 3851 2186 3933 ἀπαγόμενοι
2224 3856 2520 3935 repetitio
2548 3857 2750 3918 otiosa
2785 3864 2899 3930 est,

764 3973 837 4018 ac
867 3957 1103 4021 frustra
1132 3967 1448 4020 conantur
1474 3959 1858 4039 interpretes
1883 3979 2147 4022 sensum
2177 3981 2232 4022 v.
2268 3963 2427 4040 XII,
2459 3963 2567 4026 2-3
2594 3964 2896 4025 tribuere.

761 4063 1046 4126 Sabatier
1074 4065 1245 4145 (Art.
1285 4064 1640 4129 Glossolalie
1675 4067 1745 4127 in
1786 4067 2045 4148 Encycl.
2093 4050 2581 4151 Lichtenberg.)
2612 4072 2904 4132 observat

671 4180 676 4185 ’
763 4169 961 4231 fnisse
1013 4170 1085 4231 in
1144 4189 1544 4251 paganorum
1596 4174 1924 4255 mysteriis
1978 4175 2219 4237 similia
2276 4174 2685 4254 glossolaliae
2738 4160 2903 4239 facta

762 4275 1099 4354 quaedam.
1148 4278 1322 4340 Haec
1363 4278 1565 4356 igitur
1608 4282 2049 4359 exspectabam
2095 4284 2165 4343 in
2210 4283 2276 4345 h.
2323 4303 2384 4345 v.
2423 4285 2901 4362 significatione

758 4383 1091 4462 appellari.
1142 4384 1306 4448 Cum
1353 4387 1514 4448 cod«
1550 4388 1936 4467 quibusdam
1987 4390 2225 4454 induco
2277 4410 2334 4452 v.
2390 4390 2470 4451 ὅτι
2521 4391 2722 4473 (quod
2770 4408 2898 4472 quo
