3559 5609
731 863 818 914 132
1678 862 1825 921 XIV,
1861 861 1907 914 6.

1647 1086 1843 1161 XIV,
1891 1086 1949 1145 6.

806 1299 1068 1361 Constat
1096 1299 1437 1380 dupliciter
1466 1299 1588 1361 sibi
1618 1299 1901 1361 invicem
1929 1300 2315 1380 respondere
2344 1297 2695 1382 ἀποκαλύψει,
2724 1301 2861 1379 γνώ-

726 1430 825 1478 σει,
861 1404 1169 1490 προφητείᾳ,
1201 1408 1410 1488 διδαχῇ.
1441 1407 1525 1468 Η.
1560 1404 1603 1468 l.
1637 1413 1853 1468 autem
1887 1414 1957 1469 ut
1987 1405 2308 1485 expedias,
2337 1407 2449 1468 tihi
2480 1423 2611 1468 non
2644 1398 2737 1468 fas
2767 1414 2862 1468 est

728 1511 918 1575 Godet
946 1513 1271 1587 assentiri,
1305 1513 1422 1593 qui
1461 1514 1711 1575 duobus
1745 1514 1976 1593 primis
2010 1517 2064 1574 ἐν
2100 1514 2373 1577 alterum
2403 1531 2667 1576 sensum
2710 1513 2862 1576 dare

726 1621 1043 1701 proponit,
1072 1620 1350 1682 alterum
1386 1638 1537 1683 vero
1567 1619 1820 1683 duobus
1849 1621 2070 1683 alteris
2099 1621 2357 1704 (gallice
2385 1621 2575 1684 modo
2598 1646 2629 1678 «
2660 1641 2772 1685 sur
2803 1648 2827 1676 1·
2838 1650 2856 1697 ,

724 1728 918 1790 modo
955 1752 983 1784 α
1016 1747 1130 1808 par
1166 1728 1245 1808 ›>).
1279 1728 1568 1808 Cogitavi
1600 1729 1680 1791 de
1710 1729 2088 1808 corrigendo
2121 1748 2135 1792 ε
2273 1729 2494 1805 λαλήσω
2523 1727 2863 1814 ἀποκάλυψιν

722 1834 757 1907 ἢ
787 1846 990 1917 γνῶσιν
1021 1841 1073 1896 ἐν
1105 1837 1394 1922 προφητείᾳ
1421 1835 1457 1909 ἢ
1488 1841 1542 1897 ἐν
1571 1840 1795 1920 διδαχῇ.-

807 1943 1151 2006 Notatione
1188 1944 1461 2022 dignum
1508 1953 1607 2007 est
1650 1946 1826 2007 enim
1870 1946 1941 2007 in
1990 1943 2327 2007 nonnullis
2362 1945 2500 2008 cod.
2541 1946 2860 2025 etiamque

723 2050 795 2111 in
844 2049 1283 2113 Gebhardtina
1331 2051 1611 2114 editione
1661 2053 1716 2112 ἐν
1758 2060 1911 2114 ante
1940 2055 2128 2135 διδαχῇ
2165 2053 2399 2115 omitti.
2431 2053 2617 2142 Patet
2660 2052 2860 2131 igitur

724 2156 889 2220 illud
923 2161 976 2217 ἐν
1010 2157 1286 2219 oblitum
1319 2167 1511 2238 atque
1551 2159 1623 2220 in
1667 2160 1962 2238 margine
2010 2160 2373 2240 adpositum
2416 2161 2636 2222 fuisse.
2674 2159 2858 2235 Quod

726 2266 781 2326 si
829 2282 1035 2326 unum
1083 2285 1140 2326 v.
1184 2266 1220 2339 ἤ
1260 2265 1553 2329 eamdem
1598 2266 1826 2329 habuit
1873 2267 2231 2346 fortunam,
2269 2273 2478 2329 textus
2523 2268 2635 2347 qui
2685 2284 2860 2328 nuno

726 2369 962 2448 legitur
986 2373 1164 2434 nasci
1189 2373 1416 2451 potuit.
1437 2372 1722 2436 Observa
1743 2374 1937 2435 etiam
1965 2374 2229 2436 ultimas
2253 2374 2594 2436 verborum
2620 2376 2857 2434 ἀποκαλ.

726 2486 789 2539 et
827 2482 989 2557 γνῶσ.
1025 2477 1291 2541 litteras.
1331 2480 1501 2541 Nam
1543 2481 1831 2542 confusio
1869 2480 2234 2543 litterarum
2275 2506 2304 2541 ν
2342 2489 2403 2543 et
2446 2506 2489 2549 ις
2527 2489 2639 2542 aut
2670 2505 2696 2540 ν
2731 2489 2792 2542 et
2823 2505 2858 2554 η

726 2582 931 2663 (Bau,
974 2582 1309 2666 Vollqmff,
1345 2584 1671 2666 Tourm'er)
1699 2604 1926 2647 ansam
1961 2586 2137 2648 dedit
2168 2586 2530 2665 legentibus
2558 2589 2594 2662 ἤ
2624 2594 2737 2649 aut
2767 2588 2852 2663 ἐν,

724 2707 871 2752 cum
909 2699 1213 2753 neutrum
1249 2699 1414 2753 esset
1445 2691 1794 2770 legendum
1821 2691 1896 2774 (ις
1924 2721 2004 2746 =
2028 2718 2102 2762 εις
2127 2719 2210 2750 =
2238 2718 2312 2756 εν.
2340 2696 2520 2772 Bast,
2555 2701 2753 2773 etam,
2784 2711 2857 2756 ac

722 2805 967 2876 postero
1017 2800 1301 2878 tempore
1341 2824 1357 2858 ι
1387 2806 1449 2861 et
1476 2824 1553 2875 ει,
1585 2800 1738 2879 quia
1768 2800 1991 2864 eodem
2026 2818 2184 2864 sono
2219 2819 2546 2883 expressa,
2578 2802 2752 2863 inter
2786 2819 2854 2863 se

721 2903 1030 2966 confundi
1060 2904 1267 2967 solent
1295 2938 1373 2951 -—
1413 2903 1779 2987 Vollqraff).

1573 3121 1734 3184 XIV
1755 3170 1770 3198 ,
1815 3122 1985 3185 9-10.

804 3333 1013 3395 Nemo
1041 3341 1136 3395 est
1170 3335 1282 3412 qui
1317 3333 1385 3394 h.
1426 3354 1484 3394 v.
1521 3352 1668 3396 eum
1699 3335 1769 3396 in
1804 3336 1876 3398 T.
1911 3337 2018 3411 R„
2055 3344 2191 3399 tum
2220 3338 2287 3399 in
2330 3339 2590 3418 optimis
2619 3339 2852 3403 codici-

721 3442 841 3504 bus
888 3440 1231 3519 intelligat.
1281 3443 1492 3504 Verba
1538 3442 1629 3503 καὶ
1677 3441 1825 3504 οὐδὲν
1875 3444 2079 3528 ἄφωνον
2126 3447 2505 3524 praesertim
2567 3448 2856 3511 difficilia

722 3554 893 3608 sunt.
958 3547 1412 3627 Interpretatio
1456 3566 1653 3627 quam
1690 3550 1985 3629 sequitur
2022 3549 2210 3614 Godet
2261 3552 2428 3614 nihil
2480 3554 2631 3615 satis
2684 3554 2854 3615 firmi

685 3683 693 3690 ·
721 3654 932 3717 habet.
966 3656 1046 3716 In
1080 3656 1291 3717 verbis
1323 3656 1504 3718 nullo
1529 3665 1712 3735 paeto
1757 3656 1942 3719 ludos
1988 3658 2139 3720 facit
2174 3659 2280 3722 hio
2316 3660 2581 3724 Paulus,
2644 3661 2852 3724 Nam-

720 3781 848 3841 que
899 3764 966 3824 in
1019 3762 1341 3842 praesenti
1397 3769 1567 3825 textu
1611 3763 1817 3847 ἄφωνον
1868 3763 2059 3842 longe
2103 3766 2281 3827 abest
2316 3785 2353 3828 a
2387 3777 2612 3852 φωνῶν;
2669 3786 2852 3848 opor-

722 3876 881 3931 teret
907 3879 1164 3946 autem‚
1214 3879 1282 3933 ul.
1332 3870 1521 3933 Godet
1548 3870 1659 3951 βίος
1707 3870 1972 3949 ἁὸίωτος,
2021 3872 2211 3955 ἄχαρις
2244 3874 2398 3956 χάρις
2450 3876 2681 3938 afferre
2709 3893 2850 3955 pos-

721 3985 852 4052 set,
894 3976 1171 4039 Paulum
1207 3978 1537 4057 scripsisse
1593 4003 1607 4039 z
1660 3979 1882 4058 οὐδεμία
1933 3977 2082 4063 φωνὴ
2139 3980 2345 4063 ἄφωνος
2402 3982 2620 4061 :quod
2661 3982 2854 4044 etiam

719 4085 777 4145 si
805 4085 1143 4166 incideret,
1180 4086 1561 4164 symmetria
1591 4089 2053 4165 requireretur.
2094 4086 2631 4151 Subaudiendum
2672 4090 2854 4151 enim

721 4202 883 4253 esset
924 4193 1036 4252 ἐστι
1083 4193 1404 4272 verbaque
1446 4195 1533 4254 ita
1571 4192 1942 4268 collocanda
2001 4218 2012 4254 :
2063 4183 2282 4275 οὗδεμία
2321 4197 2468 4280 φωνή
2517 4197 2657 4258 ἐστιν
2698 4198 2852 4281 ἄφω-

718 4321 824 4366 νος.
876 4300 956 4360 In
998 4301 1351 4362 enuntiatis
1398 4298 1709 4378 exemplis
1753 4309 1974 4362 contra
2008 4298 2235 4370 ἀὸίωτος
2269 4320 2379 4382 pro
2423 4302 2674 4385 epitheto
2719 4320 2851 4366 non

722 4414 938 4470 autem
987 4426 1099 4489 pro
1153 4406 1508 4489 praedicato
1552 4427 1610 4468 v.
1653 4406 1797 4486 βίος,
1869 4407 2057 4490 ἄχαρις
2095 4426 2209 4488 pro
2254 4408 2508 4490 epitheto
2552 4428 2679 4472 non
2734 4427 2851 4472 au-
