3559 5609
651 815 659 826 “
749 815 777 865 2
1587 809 2042 894 PROOEMIUM.

751 949 875 1012 que
908 932 1133 992 refuto.
1176 933 1308 991 Aut
1346 930 1505 992 alios
1546 927 1781 992 refellit
1813 909 1874 994 et
1916 931 2297 1014 plerumque
2327 929 2414 989 ita
2446 928 2763 1008 procedit,
2807 933 2877 988 ut

749 1038 967 1108 liceat,
1016 1037 1085 1097 in
1138 1017 1456 1115 ejusmodi
1501 1054 1731 1116 opere,
1781 1037 1850 1099 id
1897 1029 2025 1100 non
2077 1017 2394 1115 repetere,
2433 1033 2717 1112 satisque
2763 1032 2879 1106 sit,

750 1141 939 1207 Godet
979 1142 1474 1205 refutationibus
1519 1143 1834 1223 acceptis,
1884 1142 2191 1204 adversus
2237 1142 2454 1222 ipsum
2489 1139 2679 1204 Godet
2717 1158 2880 1220 pug-

750 1269 928 1314 nare.
964 1285 1044 1295 -
1073 1250 1210 1312 Hoc
1254 1249 1584 1328 proprium
1626 1257 1719 1310 est
1762 1250 1971 1328 operis
2007 1249 2172 1324 mei,
2221 1257 2290 1309 ut
2331 1247 2514 1309 illius
2553 1246 2882 1326 scriptoris

747 1358 941 1422 verba
985 1373 1191 1436 paene
1229 1373 1551 1436 nusquam
1583 1356 1852 1418 afferam
1877 1404 1891 1432 ,
1931 1355 2060 1418 nisi
2092 1355 2490 1434 improbans.
2524 1354 2702 1429 Quae
2731 1353 2881 1433 qui-

748 1463 895 1525 dem
941 1471 1079 1525 turn
1122 1460 1386 1523 demum
1424 1463 1658 1538 affero,
1694 1480 1846 1524 cum
1875 1460 2122 1542 aliquid
2155 1460 2341 1537 novi,
2377 1460 2449 1522 id
2492 1469 2588 1523 est
2634 1458 2882 1539 aliquid

748 1569 918 1650 quod
948 1570 1029 1631 ab
1060 1570 1199 1649 ejus
1233 1570 1553 1632 sententia
1581 1569 1926 1649 discrepet,
1956 1584 2309 1649 proponere
2342 1566 2623 1645 cupiam.
2661 1565 2881 1629 Nol-im

750 1684 966 1737 tamen
1010 1675 1299 1754 legentes
1344 1694 1417 1738 ac
1455 1676 1645 1739 Godet
1681 1677 1898 1756 ipsum
1948 1694 2022 1739 ex
2073 1694 2147 1738 eo
2193 1674 2473 1750 inferre,
2507 1681 2578 1736 ut
2611 1675 2750 1754 ejus
2800 1671 2881 1735 ti-

749 1783 894 1845 bros
918 1788 1352 1845 contemnam.
1387 1782 1484 1845 Sit
1512 1783 1682 1844 mihi
1705 1784 1801 1845 fas
1830 1800 2188 1857 occurrere,
2221 1797 2485 1861 quaes0,
2513 1780 2612 1842 illi
2644 1781 2878 1856 errori,

750 1895 810 1951 et
859 1888 1357 1951 admirationem
1409 1898 1627 1969 aperte
1675 1890 1965 1969 profiteri
2014 1890 2406 1965 maximam,
2461 1905 2657 1967 quam
2715 1887 2881 1948 mihi

749 1995 1028 2058 afferunt
1071 1997 1619 2076 praestantissima
1661 1996 2126 2059 commentaria
2170 1996 2243 2056 in
2293 1995 2531 2074 quihus
2588 1992 2772 2056 Godet
2822 2001 2884 2055 et

732 2103 1054 2194 (scientiae
1084 2102 1323 2182 pariter
1353 2110 1413 2165 et
1446 2102 1601 2165 fidei
1631 2121 1878 2166 morem
1913 2120 2136 2182 gerere
2168 2109 2433 2164 conatus
2463 2108 2587 2176 est,
2631 2100 2701 2161 in
2732 2099 2881 2180 qui-

749 2211 871 2273 bus
903 2226 1242 2289 nunquam
1273 2209 1475 2290 lepori
1511 2209 1788 2272 eruditio
1820 2218 2031 2285 nocet,
2061 2209 2134 2270 in
2166 2208 2402 2288 quihus
2428 2207 2524 2272 vis
2555 2207 2880 2269 incitatio-

750 2334 877 2397 que
933 2316 1241 2380 orationis
1294 2334 1547 2397 semper
1603 2317 1992 2379 sententiam
2040 2315 2299 2377 firmam
2353 2332 2427 2377 ac
2483 2313 2880 2376 considerate

751 2441 1134 2505 perpensam
1165 2430 1566 2504 praetexunt.
1602 2424 1873 2485 Utinam
1902 2422 2197 2501 egregius
2222 2422 2542 2501 interpres
2570 2420 2643 2480 in
2674 2428 2879 2499 poste-

751 2548 901 2593 rum
932 2530 1123 2592 etiam
1150 2530 1302 2591 aliis
1332 2529 1813 2596 commentariis
1852 2529 2238 2609 theologiam
2264 2527 2653 2608 locupletare
2687 2526 2875 2590 velit!

830 2637 1306 2699 Annotationes
1353 2654 1517 2717 quae
1568 2637 1639 2696 in
1682 2636 1803 2698 hac
1848 2636 2279 2716 disputatione
2313 2635 2765 2711 continentur,
2809 2635 2879 2695 in

749 2744 875 2806 duo
903 2760 1141 2821 genera
1169 2741 1508 2805 diffluunt:
1535 2743 1656 2805 hae
1687 2743 1879 2805 modo
1911 2742 2252 2823 epistulam·
2284 2742 2635 2824 explanant
2663 2741 2875 2814 Pauli,

745 2849 1008 2930 optimis
1045 2849 1182 2913 cod.
1216 2849 1584 2925 definitam,
1617 2848 1768 2912 illae
1802 2869 1953 2914 vero
1987 2859 2229 2914 textum
2269 2868 2401 2913 non
2436 2852 2643 2914 solum
2675 2852 2879 2913 inter-

744 2964 1079 3035 pretantur
1099 3005 1113 3033 ,
1149 2956 1259 3018 sed
1290 2955 1660 3039 emendant.

826 3063 951 3125 Sed
995 3063 1478 3125 emendationes
1528 3062 1682 3126 illae
1729 3064 2054 3142 legenteS‚
2109 3074 2179 3126 ut
2220 3066 2483 3145 opinor,
2530 3066 2880 3129 nonnullos

745 3172 1276 3251 obstupefacient.
1322 3171 1577 3233 Etenim
1629 3172 1930 3251 quamvis
1969 3172 2160 3235 hodie
2204 3173 2577 3236 censoribus
2612 3192 2878 3254 operum

742 3279 1109 3358 conjectura
1138 3278 1286 3340 licet
1318 3278 1412 3340 uti
1442 3294 1517 3340 ac
1539 3279 1752 3358 reipsa
1776 3282 1913 3359 jam
1942 3280 2042 3341 usi
2068 3280 2197 3341 sint
2226 3297 2494 3360 operum
2523 3281 2877 3362 apocryph.

739 3383 1138 3465 (cautissime
1183 3384 1471 3465 quidem)
1527 3383 1622 3466 (1)
1667 3386 1988 3467 etiamque
2026 3388 2489 3451 canonicorum
2533 3387 2621 3470 (2)
2668 3388 2748 3451 V.
2800 3389 2872 3451 T.

740 3491 1156 3570 interpreteS,
1198 3491 1366 3553 nulli
1395 3492 1528 3555 fere
1549 3492 1645 3553 N.
1681 3493 1753 3553 T.
1793 3493 2173 3573 interpretes
2204 3495 2389 3557 illam
2417 3497 2734 3559 rationem
2762 3513 2874 3558 no·

739 3614 886 3658 vam
916 3597 1125 3659 adhuc
1156 3597 1640 3675 ingrediuntur.
1676 3599 1968 3674 Quorum
2003 3601 2192 3664 multi
2238 3603 2537 3665 videntur
2582 3604 2875 3667 nondum

740 3723 813 3767 ex
844 3704 1064 3765 animo
1098 3702 1281 3765 illam
1323 3712 1600 3767 veterem
1645 3707 2004 3789 falsamque
2042 3710 2429 3772 sententiam
2458 3712 2734 3776 evellere
2765 3730 2877 3793 po-

741 3812 980 3886 tuisse,
1033 3829 1197 3890 quae
1251 3828 1425 3873 nunc
1471 3812 1737 3875 omnino
1785 3832 1855 3875 ex
1908 3815 2439 3895 interpretatione
2491 3820 2874 3901 scriptorum

739 3918 999 4000 expulsa
1030 3924 1122 3979 est
1152 3918 1549 3982 Graecorum
1585 3921 2075 3999 Latinorumve,
2112 3942 2342 4005 nempe
2381 3927 2452 3987 in
2500 3935 2675 3989 textu
2709 3929 2872 3989 nihil

801 4183 865 4246 (1)
898 4181 980 4232 Cf.
1014 4184 1235 4231 Handb.
1268 4196 1336 4232 zu
1369 4185 1478 4233 den
1509 4187 1716 4246 Apohr.
1747 4188 1847 4236 des
1872 4193 1936 4237 A.
1967 4191 2044 4248 Τ.,
2076 4202 2187 4239 von
2218 4188 2499 4240 Fritzsche
2530 4206 2584 4240 u.
2612 4189 2837 4241 Grimm.

798 4272 863 4335 (2)
906 4271 988 4321 Cf.
1034 4274 1271 4335 exempli
1312 4287 1508 4332 causa,
1545 4281 1629 4324 Du
1678 4281 1822 4326 texte
1859 4281 2116 4338 primitis
2149 4283 2248 4328 des
2288 4286 2586 4340 Psaumes‚
2631 4296 2728 4341 par
2770 4281 2867 4330 Ch.

738 4362 997 4409 Bruston.
1034 4360 1207 4410 Paris.
1246 4362 1541 4424 Mcyrueis,
1580 4365 1714 4414 1873.
