3559 5609
881 800 971 852 128
1826 794 1955 881 XII,¹
1992 790 2069 846 31.

876 915 1193 998 plurimos
1245 913 1526 977 honores
1573 911 1817 992 passim
1861 927 2171 990 quaerere
2217 909 2458 973 desinit
2499 910 2883 993 (quantitas),
2936 919 3006 973 ut

879 1039 1111 1103 paucos
1146 1024 1850 1091 tantum·consectetur,
1886 1017 1997 1079 sed
2023 1017 2411 1080 lectissimos
2436 1025 2500 1079 et
2522 1018 2792 1080 omnino
2821 1016 3007 1079 laude

874 1131 1106 1210 dignos
1138 1127 1481 1210 (qualitas).
1520 1150 1550 1184 «
1593 1127 1753 1205 Ergo
1771 1172 1791 1203 ‚
1825 1125 2164 1189 ostendam
2197 1126 2376 1189 vobis
2404 1124 2839 1206 (charismata)
2872 1142 3011 1186 ma-

871 1239 1016 1318 jora
1044 1235 1160 1317 (sc.
1204 1233 1550 1315 maxima),
1588 1233 1722 1295 imo
1757 1232 2154 1314 (ostendam)
2195 1234 2365 1295 viam
2410 1231 3016 1296 excellentissimam

875 1345 990 1426 (sc.
1037 1341 1416 1424 caritatem).
1455 1364 1485 1398 >›
1539 1342 1710 1405 Nam
1756 1339 2032 1402 emendo
2067 1360 2080 1401 :
2116 1344 2333 1414 ζηλοῦτε
2380 1338 2436 1401 δὲ
2476 1339 2543 1400 τὰ
2592 1339 2902 1423 χαρίσματα
2949 1336 3016 1397 τὰ

875 1451 1146 1535 κρείττονα
1176 1476 1193 1526 ;
1245 1448 1312 1510 τὰ
1366 1448 1578 1527 μείζονα
1600 1495 1617 1524 ,
1666 1448 1758 1509 καὶ
1808 1448 1886 1508 ἔτι
1913 1456 1993 1517 <
2019 1446 2113 1521 τὴν
2140 1457 2219 1520 >
2246 1447 2364 1509 καθ’
2395 1445 2685 1529 §neptium
2726 1444 2866 1521 ὀδόν,
2896 1449 3020 1525 ὑμῖν

876 1559 1133 1638 δείκνυμι.

958 1667 1010 1728 Ε
1033 1665 1170 1728 cod.
1204 1664 1487 1744 optimiS,
1514 1671 1667 1753 sunt
1696 1663 1811 1742 qui
1839 1663 2123 1724 scribant
2148 1660 2218 1722 τὰ
2247 1686 2374 1745 χαρ.
2407 1660 2475 1722 τὰ
2504 1661 2715 1743 μείζονα
2732 1658 2880 1741 (uA
2900 1660 2953 1722 Β
2971 1659 3018 1722 C

875 1805 957 1822 —
988 1769 1351 1850 Gebhardt)‚
1394 1772 1463 1832 in
1513 1770 1661 1832 aliis
1709 1777 1934 1832 contra
1981 1770 2314 1833 invenitur
2361 1769 2429 1830 τὰ
2468 1794 2595 1853 χαρ.
2647 1769 2715 1832 τὰ
2752 1770 3019 1855 κρείττονα

881 1880 961 1957 (D
987 1880 1037 1939 E
1062 1878 1109 1938 F
1129 1877 1184 1939 G
1211 1879 1273 1940 K
1298 1879 1346 1938 L
1373 1909 1457 1924 —
1486 1874 1721 1957 Godet).
1771 1878 1927 1940 Veri
1981 1886 2077 1939 est
2125 1878 2326 1956 igitur
2375 1877 2593 1939 simile
2642 1885 2702 1940 te
2748 1894 3017 1939 manum,

882 1985 1068 2047 Pauli
1096 2002 1422 2061 revocare,
1451 1984 1510 2046 Si
1536 1985 1870 2064 scripseris
1900 2008 1912 2045 :
1943 1983 2010 2044 τὰ
2035 2009 2161 2068 χαρ.
2191 1983 2259 2044 τὰ
2290 1984 2506 2064 μείζονα
2531 1983 2599 2044 τὰ
2628 1984 2895 2068 κρείττονα
2919 1983 3019 2045 vel

876 2092 943 2152 τὰ
981 2092 1253 2175 κρείττονα
1285 2090 1353 2152 τὰ
1384 2091 1618 2172 μείζονα.
1654 2091 1838 2166 Quod
1882 2089 2137 2153 facilius
2174 2097 2268 2152 est
2306 2109 2501 2171 quam
2538 2093 2806 2154 verbum
2852 2089 3021 2174 κρείτ-

878 2224 1003 2261 τονα
1035 2200 1274 2261 habere
1302 2217 1414 2279 pro
1438 2199 2014 2279 interpretamento
2035 2200 2209 2261 vocis
2231 2198 2441 2279 μείζονα
2466 2198 2607 2279 (aut
2625 2184 2763 2260 'vice
2786 2199 3016 2279 versa),

883 2309 984 2371 vel
1010 2309 1379 2370 existimare
1411 2324 1611 2369 unam
1642 2305 1912 2368 illarum
1943 2322 2174 2368 vocum
2214 2305 2405 2367 alteri
2433 2306 2764 2368 suffectam
2796 2305 3013 2367 fuisse.

880 2448 960 2462 -
981 2414 1129 2478 Non
1154 2422 1251 2477 est
1283 2431 1398 2476 cur
1431 2414 1692 2490 mireris
1722 2413 1819 2487 τήν
1847 2416 2019 2476 inter
2053 2413 2129 2474 ἔτι
2158 2420 2226 2476 et
2252 2413 2370 2475 καθ’
2397 2398 2737 2476 evanuisse
2764 2412 2827 2494 (η
2854 2439 2934 2466 =
2966 2438 3017 2490 ι,

880 2546 908 2582 ν
934 2545 1017 2579 .--..
1042 2546 1077 2581 x
1098 2556 1178 2567 —
1205 2521 1389 2596 Bast,
1439 2519 1800 2603 Vollqraff).

1805 2735 1996 2813 xm,
2034 2735 2096 2799 6.

967 2953 1040 3018 Si
1071 2942 1242 3032 quae
1272 2952 1343 3013 in
1374 2951 1447 3013 T.
1483 2952 1560 3014 R.
1591 2950 1900 3030 leguntur
1931 2952 2099 3013 tueri
2132 2950 2330 3027 voles,
2358 2968 2486 3014 non
2514 2958 2833 3030 punctum
2864 2958 3021 3013 tem-

887 3063 1059 3142 peris
1087 3061 1413 3123 dubitabis
1440 3076 1590 3121 cum
1623 3057 1815 3128 Godet
1841 3068 2086 3122 vertere
2118 3078 2132 3121 :
2165 3083 2195 3115 «
2224 3059 2480 3121 Gaudet
2503 3078 2653 3121 cum
2679 3059 2965 3121 veritate.
2993 3080 3019 3114 »ι

888 3171 1192 3245 Attamen
1222 3165 1741 3228 animadvertere
1767 3166 2018 3243 cogeris
2054 3182 2237 3228 voces
2266 3165 2328 3225 οὐ
2356 3166 2528 3249 χαίρει
2559 3166 2644 3226 ἐπὶ
2663 3172 2729 3249 τῇ
2760 3164 2935 3250 ἀδικίᾳ
2966 3173 3030 3228 et

888 3273 1151 3358 συνχαίρει
1191 3270 1249 3333 δὲ
1277 3278 1343 3354 τῇ
1379 3270 1594 3356 ἀληθείᾳ
1625 3272 1971 3334 manifesta
2000 3272 2385 3351 symmetria
2412 3275 2586 3335 inter
2611 3292 2679 3335 se
2709 3273 3029 3352 oppositas

890 3398 1051 3443 esse.
1084 3381 1189 3456 Si,
1227 3388 1298 3441 ut
1331 3378 1651 3440 intellexit
1682 3372 2254 3460 Godet‚'oppositio
2301 3379 2618 3459 quaedam
2653 3380 2824 3442 inter
2852 3377 3028 3463 ἀδικίᾳ

889 3495 1137 3552 constat
1185 3498 1247 3549 et
1295 3484 1549 3571 ἀληθείᾳ,
1595 3503 1722 3565 quo
1761 3492 1942 3567 pacto
1989 3487 2248 3566 scripsit
2292 3486 2584 3549 Paulus:
2631 3486 2865 3549 caritas
2895 3502 3025 3548 non

889 3596 1124 3674 gaudet
1166 3610 1356 3676 super
1387 3592 1644 3673 (Vulg.)
1691 3593 2076 3674 iniquitate,
2120 3594 2357 3673 gaudet
2397 3603 2795 3657 autem-cum
2840 3592 3025 3655 Veri-

890 3711 1016 3765 tate
1043 3704 1070 3764 ?
1103 3701 1273 3777 Quid
1304 3708 1401 3762 est
1434 3701 1650 3762 curin
1679 3701 1931 3765 duobus
1972 3701 2281 3763 membris
2321 3710 2451 3764 non
2494 3719 2746 3781 semper
2782 3700 3030 3762 dederit

888 3826 1077 3890 super
1104 3816 1216 3871 aut
1247 3826 1500 3889 semper
1527 3826 1667 3870 cum
1690 3810 1722 3869 P
1757 3809 2060 3888 Denique
2093 3809 2253 3870 haec
2287 3810 2608 3871 sententia
2651 3810 2818 3870 mira
2848 3805 3026 3869 vide-

889 3924 993 3978 tur
1024 3936 1039 3980 ε
1075 3916 1312 3996 gaudet
1341 3932 1489 3977 cum
1525 3915 1846 3978 Veritatel
1891 3916 2062 3991 Quid
2093 3916 2409 3979 sibi'haec
2440 3916 2748 3980 vocabula
2791 3913 3022 3988 velint,

890 4041 1022 4087 non
1052 4023 1382 4099 omuibus„
1416 4041 1498 4085 ne
1523 4023 1651 4106 ipsi
1683 4024 1951 4104 quidem
1981 4022 2190 4101 Godet,
2225 4025 2594 4103 intelligere
2620 4029 2683 4086 et
2705 4022 3027 4103 explicare

891 4131 1442 4196 concessumfuit.
1479 4131 1649 4205 Quid
1693 4131 1953 4194 multa?
1985 4132 2354 4194 remedium
2395 4134 2706 4212 reperisse
2738 4131 2902 4192 mihi
2938 4130 3025 4191 vi-

890 4240 1044 4303 deor
1073 4257 1200 4303 non
1241 4238 1444 4303 nimis
1486 4238 1868 4304 violentum.
1917 4239 2280 4314 Suffecerit,
2316 4241 2374 4302 si
2419 4258 2522 4302 me
2556 4239 2770 4312 audis,
2823 4246 3028 4301 trans-

892 4364 1127 4428 ponere
1155 4346 1351 4408 verba
1390 4344 1561 4426 χαίρει
1599 4352 1662 4408 et
1705 4346 2011 4429 συνχαίρει,
2050 4363 2129 4409 ac
2177 4347 2455 4410 Scribere
2491 4371 2502 4407 ε
2549 4347 2611 4406 οὐ
2657 4344 2919 4426 λογίζεται
2967 4343 3029 4403 τὸ
