3559 5609
793 854 849 900 is
1652 848 1721 915 ¹1,
1763 846 1960 907 17-111‚
1998 850 2043 897 9.

789 968 982 1031 tendu
1019 965 1290 1044 possible
1322 989 1349 1019 »
1383 998 1460 1009 —
1491 982 1654 1043 quae
1678 965 2063 1043 ambiguitas
2092 983 2128 1024 a
2161 962 2350 1025 Godet
2373 961 2510 1025 solo
2539 962 2808 1038 fingitur
2837 996 2914 1005 —

792 1099 821 1131 «
860 1075 1011 1135 c'est
1043 1090 1113 1134 ce
1147 1072 1561 1133 malentendu
1598 1072 1871 1150 possible
1912 1072 2069 1151 qu'il
2100 1073 2306 1133 ec'arte
2348 1070 2510 1131 dans
2553 1068 2613 1129 le
2658 1085 2920 1147 passage

788 1182 1051 1244 suivant
1077 1183 1158 1242 ou
1190 1178 1237 1239 il
1269 1186 1522 1241 montre
1550 1196 1677 1257 que
1700 1226 1717 1253 ,
1765 1179 1822 1239 si
1854 1178 2215 1256 l’Evangile
2245 1177 2411 1239 n’est
2442 1194 2554 1256 pas
2582 1174 2919 1238 essential-

789 1288 1034 1349 lement
1070 1302 1353 1363 sagesse‚
1385 1284 1433 1345 il
1465 1284 1613 1346 n’en
1642 1283 1952 1364 renferme
1982 1302 2092 1363 pas
2123 1287 2341 1348 moins
2378 1301 2506 1346 une
2536 1300 2789 1362 sagesse
2812 1331 2827 1358 ‚
2861 1290 2924 1343 et

792 1394 1004 1456 meme
1065 1392 1127 1453 la
1182 1391 1358 1453 vraie
1380 1439 1394 1466 ,
1450 1391 1826 1469 superieure
1877 1395 1915 1452 a
1976 1399 2111 1455 tout
2158 1410 2228 1454 ce
2276 1410 2401 1471 que
2462 1388 2922 1466 l’intelligence

788 1501 1104 1563 humaine
1134 1501 1244 1562 ent
1278 1518 1359 1579 pu
1414 1499 1776 1561 decouvrir.
1814 1522 1843 1555 w
1892 1499 2145 1562 Rursus
2175 1517 2249 1561 ac
2278 1499 2466 1579 plane
2509 1505 2680 1561 errat
2709 1494 2917 1559 Godet.
2993 1537 3004 1552 ,

790 1610 1070 1671 Auctore
1106 1606 1347 1683 Pau10‚
1403 1606 1830 1683 Evangelium
1868 1623 1999 1668 non
2052 1607 2432 1685 sapientiam
2476 1605 2770 1679 continet,
2810 1602 2921 1665 sed

790 1717 1002 1796 ipsum
1042 1714 1358 1794 sapientia
1394 1721 1486 1776 est
1525 1723 1586 1776 et
1622 1715 1889 1794 quidem
1941 1736 1968 1768 α
2011 1711 2517 1776 essentiellement
2558 1735 2588 1769 »
2637 1718 2706 1774 ut
2737 1712 2927 1773 &odet

792 1822 984 1885 verbo
1017 1830 1181 1883 utar.

871 1928 1239 1990 Redeamus
1269 1927 1483 1989 denuo
1513 1928 1595 1989 ad
1628 1925 1844 1990 locum
1874 1928 1963 2005 II,
1989 1928 2190 2002 6-III,
2219 1928 2272 2001 1,
2300 1936 2361 1989 et
2381 1927 2920 2006 significationem

790 2034 1085 2098 absolute
1111 2035 1572 2098 confirmemus
1613 2059 1626 2095 ε

872 2138 1301 2218 Evangelium
1350 2139 1520 2219 quod
1568 2139 1813 2202 Paulus
1867 2141 2217 2219 praedicat,
2265 2140 2581 2220 sapientia
2616 2148 2744 2216 est,
2791 2156 2920 2201 non

791 2248 1110 2324 humana,
1153 2247 1265 2309 sed
1311 2245 1557 2309 divina.
1602 2246 1775 2309 Illud
1825 2256 1919 2309 est
1970 2247 2399 2325 Evangelium
2429 2246 2771 2327 perfectis,
2808 2246 2923 2326 qui

793 2351 1045 2416 nullam
1072 2363 1342 2433 poscunt
1372 2354 1777 2433 sapientiam,
1814 2355 1941 2417 nisi
1965 2354 2302 2417 Christum
2328 2364 2390 2417 et
2413 2354 2741 2417 Christum
2778 2371 2920 2416 cru-

791 2461 1080 2524 cifixum.
1129 2461 1209 2522 In
1258 2478 1387 2540 quo
1422 2461 1807 2540 sapientiam
1848 2480 2175 2524 summam
2226 2463 2571 2525 inveniunt
2615 2462 2920 2542 positam,
3029 2450 3032 2453 ⁴

793 2585 912 2629 nec
949 2566 1196 2646 aliquid
1223 2566 1502 2646 amplius
1527 2568 1919 2630 desiderant.
1955 2569 2082 2631 Sed
2114 2569 2224 2631 uhi
2246 2569 2532 2648 primum
2553 2568 2922 2631 carnalibus

791 2673 1097 2737 Christus
1131 2673 1569 2753 praedicatur,
1604 2673 1787 2735 illam
1828 2676 2374 2753 praedicationem
2419 2675 2717 2739 stolidam
2748 2676 2920 2737 exis-

790 2782 1064 2855 timant,
1097 2779 1336 2859 quippe
1366 2781 1477 2860 qui
1509 2797 1640 2842 non
1676 2782 1726 2842 ii
1764 2782 1893 2843 sint
1925 2783 2041 2862 qui
2070 2781 2234 2845 illud
2273 2783 2697 2861 Evangelium
2726 2782 2921 2843 intel-

791 2888 997 2966 ligant
1016 2895 1208 2965 atque
1233 2888 1303 2947 in
1323 2905 1396 2949 eo
1419 2904 1740 2950 summam
1765 2890 2148 2990 sapientiam
2172 2890 2679 2969 deprehendant.
2696 2889 2922 2972 (Vides
3004 2925 3011 2932 ·

789 2993 982 3076 plane
1028 2994 1322 3056 eamdem
1366 2995 1914 3073 praedicationem
1959 3014 2108 3058 cum
2153 2998 2482 3076 perlectis,
2525 3005 2660 3059 tum
2693 3013 2921 3058 carna-

788 3102 961 3165 libus
1000 3100 1360 3182 destinari).
1398 3101 1534 3164 Soli
1575 3100 1753 3164 illam
1790 3102 2154 3181 spirituales
2193 3104 2487 3182 capiunt,
2527 3103 2924 3182 illorumque

789 3208 1240 3272 excellentiam
1270 3208 1517 3269 Paulus
1569 3212 1943 3288 pronuntiat
1986 3219 2063 3272 etr·
2095 3211 2291 3273 simul
2330 3229 2516 3272 suam
2553 3227 2920 3289 supremam

788 3316 1233 3380 auctoritatem
1263 3315 1543 3377 affirmat
1576 3335 1590 3378 :
1627 3342 1653 3372 ι
1691 3315 1972 3379 Sensum
2002 3318 2245 3380 Christi
2279 3318 2611 3379 hahemus.
2648 3340 2678 3372 »

869 3426 1206 3499 Quaenam
1269 3422 1470 3501 igitur
1527 3423 1854 3488 conclusio
1918 3426 2081 3487 erit?
2146 3425 2217 3488 Si
2288 3424 2671 3505 praedicatio
2734 3425 2922 3486 Pauli

789 3530 1101 3611 sapientia
1125 3530 1420 3609 perfectis
1450 3540 1574 3602 est,
1603 3531 1658 3592 si
1693 3531 1923 3593 nolunt
1950 3531 2161 3594 inilia
2190 3532 2515 3595 Corinthii
2539 3533 2919 3612 sapientiam
2979 3568 2981 3570 >

788 3654 1163 3717 agnoscere,
1199 3654 1456 3699 necesse
1486 3647 1580 3700 est
1606 3637 1976 3702 Corinthios
2009 3656 2139 3701 non
2171 3657 2309 3701 esse
2342 3640 2674 3719 perfectos,
2705 3639 2776 3701 Si
2806 3638 2923 3701 Co·

789 3743 1019 3806 rinthii
1049 3741 1526 3805 censentPauli
1557 3744 2024 3823 professionem
2058 3762 2186 3808 non
2213 3747 2366 3807 satis
2394 3746 2727 3827 sapientem
2758 3762 2916 3819 esse,

790 3869 922 3914 non
971 3850 1085 3912 illa
1134 3850 1443 3929 professio
1493 3859 1587 3913 est
1632 3852 1998 3934 accusanda⁴
2043 3871 2209 3931 quae
2260 3854 2378 3915 hoc
2433 3862 2529 3915 est
2573 3853 2741 3932 quod
2783 3870 2920 3915 esse

790 3958 1009 4029 dehet,
1045 3975 1208 4037 quae
1242 3974 1372 4019 non
1401 3956 1579 4019 aliud
1611 3977 1749 4021 esse
1796 3967 2031 4038 potest,
2067 3961 2178 4021 sed
2218 3961 2568 4022 accusandi
2597 3947 2938 4022 Corinthii*

678 4091 682 4095 ·
787 4066 898 4153 qui
921 4061 1104 4125 illam
1125 4061 1306 4143 (narn
1331 4064 1608 4127 nimium
1639 4066 1930 4128 carnales
1961 4065 2138 4146 sunt)
2162 4065 2538 4146 intelligere·
2564 4076 2916 4147 nequeunt.

790 4174 966 4247 Quae
1000 4192 1059 4232 v.
1098 4173 1197 4232 III
1221 4219 1234 4245 ‚
1279 4173 1339 4245 1,
1378 4180 1521 4252 apte
1546 4174 1999 4253 interpretatus
2023 4221 2036 4247 ,
2078 4192 2303 4237 revera
2333 4176 2645 4255 expromit
2684 4200 2695 4234 ε

802 4363 821 4380 ·
870 4278 1057 4342 Godet
1114 4279 1315 4340 sensit
1359 4278 1507 4359 κάγώ
1550 4280 1768 4344 nescio
1814 4280 1970 4361 quid
2021 4281 2171 4343 miri
2214 4283 2450 4345 inesse.
2498 4280 2683 4354 Quod
2729 4277 2919 4358 plane

791 4404 1016 4450 verum
1049 4386 1245 4447 estin
1283 4387 1615 4448 communi
1658 4408 1716 4447 v.
1765 4387 1896 4462 111,
1951 4389 1975 4448 1
2030 4387 2589 4467 interpretatione,
2643 4394 2706 4449 et
2746 4386 2919 4465 quod
