<?xml version="1.0" encoding="UTF-8"?>
<!DOCTYPE html PUBLIC "-//W3C//DTD XHTML 1.0 Transitional//EN"
    "http://www.w3.org/TR/xhtml1/DTD/xhtml1-transitional.dtd">
<html xmlns="http://www.w3.org/1999/xhtml" xml:lang="en" lang="en">
 <head>
  <title>
</title>
<meta http-equiv="Content-Type" content="text/html;charset=utf-8" />
  <meta name='ocr-system' content='tesseract 3.04.00' />
  <meta name='ocr-capabilities' content='ocr_page ocr_carea ocr_par ocr_line ocrx_word'/>
</head>
<body>
  <div class='ocr_page' id='page_1' title='image "./depriorepauliad00boisgoog_0111.png"; bbox 0 0 3559 5609; ppageno 0'>
   <div class='ocr_carea' id='block_1_1' title="bbox 31 0 94 781">
    <p class='ocr_par' dir='ltr' id='par_1_1' title="bbox 31 0 94 781">
     <span class='ocr_line' id='line_1_1' title="bbox 31 0 94 781; baseline 0 4828"><span class='ocrx_word' id='word_1_1' title='bbox 31 0 94 781; x_wconf 95' lang='lat' dir='ltr'> </span> 
     </span>
    </p>
   </div>
   <div class='ocr_carea' id='block_1_2' title="bbox 1669 825 2825 887">
    <p class='ocr_par' dir='ltr' id='par_1_2' title="bbox 1669 825 2825 887">
     <span class='ocr_line' id='line_1_2' title="bbox 1669 825 2825 887; baseline -0.003 -10"><span class='ocrx_word' id='word_1_2' title='bbox 1669 828 1744 887; x_wconf 88' lang='lat' dir='ltr'>X,</span> <span class='ocrx_word' id='word_1_3' title='bbox 1787 825 1860 877; x_wconf 86' lang='lat'>18.</span> <span class='ocrx_word' id='word_1_4' title='bbox 2738 827 2825 875; x_wconf 89' lang='lat'>103</span> 
     </span>
    </p>
   </div>
   <div class='ocr_carea' id='block_1_3' title="bbox 672 941 2828 3169">
    <p class='ocr_par' dir='ltr' id='par_1_3' title="bbox 682 941 2828 1669">
     <span class='ocr_line' id='line_1_3' title="bbox 693 941 2825 1025; baseline -0 -21"><span class='ocrx_word' id='word_1_5' title='bbox 693 943 844 1005; x_wconf 89' lang='lat' dir='ltr'>dum</span> <span class='ocrx_word' id='word_1_6' title='bbox 893 944 1381 1008; x_wconf 85' lang='lat' dir='ltr'>confunduntur</span> <span class='ocrx_word' id='word_1_7' title='bbox 1408 943 1633 1025; x_wconf 74' lang='lat' dir='ltr'>(Bast).</span> <span class='ocrx_word' id='word_1_8' title='bbox 1669 944 1739 1006; x_wconf 89' lang='lat' dir='ltr'>Si</span> <span class='ocrx_word' id='word_1_9' title='bbox 1769 941 2124 1007; x_wconf 89' lang='lat' dir='ltr'>recordaris</span> <span class='ocrx_word' id='word_1_10' title='bbox 2153 952 2366 1005; x_wconf 85' lang='lat' dir='ltr'>autem</span> <span class='ocrx_word' id='word_1_11' title='bbox 2400 944 2651 1006; x_wconf 82' lang='lat' dir='ltr'>crebras</span> <span class='ocrx_word' id='word_1_12' title='bbox 2688 961 2825 1005; x_wconf 87' lang='lat' dir='ltr'>esse</span> 
     </span>
     <span class='ocr_line' id='line_1_4' title="bbox 690 1048 2824 1134; baseline -0.001 -21"><span class='ocrx_word' id='word_1_13' title='bbox 690 1052 1099 1114; x_wconf 80' lang='lat' dir='ltr'>confusiones</span> <span class='ocrx_word' id='word_1_14' title='bbox 1129 1075 1159 1112; x_wconf 87' lang='grc' dir='ltr'>ο</span> <span class='ocrx_word' id='word_1_15' title='bbox 1188 1061 1250 1114; x_wconf 81' lang='lat' dir='ltr'>et</span> <span class='ocrx_word' id='word_1_16' title='bbox 1277 1057 1336 1128; x_wconf 82' lang='grc' dir='ltr'>θ,</span> <span class='ocrx_word' id='word_1_17' title='bbox 1360 1076 1389 1110; x_wconf 92' lang='grc' dir='ltr'>υ</span> <span class='ocrx_word' id='word_1_18' title='bbox 1421 1059 1482 1111; x_wconf 79' lang='lat' dir='ltr'>et</span> <span class='ocrx_word' id='word_1_19' title='bbox 1512 1076 1559 1127; x_wconf 86' lang='grc' dir='ltr'>ι,</span> <span class='ocrx_word' id='word_1_20' title='bbox 1591 1076 1659 1126; x_wconf 86' lang='grc' dir='ltr'>η,</span> <span class='ocrx_word' id='word_1_21' title='bbox 1692 1051 1877 1112; x_wconf 75' lang='lat' dir='ltr'>facile</span> <span class='ocrx_word' id='word_1_22' title='bbox 1909 1048 2237 1127; x_wconf 78' lang='lat' dir='ltr'><strong>intelligas</strong></span> <span class='ocrx_word' id='word_1_23' title='bbox 2265 1061 2512 1134; x_wconf 80' lang='grc' dir='ltr'>πειρᾶσαι</span> <span class='ocrx_word' id='word_1_24' title='bbox 2540 1051 2607 1111; x_wconf 86' lang='lat' dir='ltr'>iu</span> <span class='ocrx_word' id='word_1_25' title='bbox 2638 1074 2824 1133; x_wconf 85' lang='grc' dir='ltr'>πειρα-</span> 
     </span>
     <span class='ocr_line' id='line_1_5' title="bbox 690 1156 2824 1240; baseline 0.001 -23"><span class='ocrx_word' id='word_1_26' title='bbox 690 1164 781 1231; x_wconf 82' lang='grc' dir='ltr'>θην</span> <span class='ocrx_word' id='word_1_27' title='bbox 816 1160 1047 1220; x_wconf 83' lang='lat' dir='ltr'>mutari</span> <span class='ocrx_word' id='word_1_28' title='bbox 1089 1159 1400 1238; x_wconf 88' lang='lat' dir='ltr'>potuisse,</span> <span class='ocrx_word' id='word_1_29' title='bbox 1437 1156 1607 1220; x_wconf 91' lang='lat' dir='ltr'>unde</span> <span class='ocrx_word' id='word_1_30' title='bbox 1635 1163 1975 1240; x_wconf 78' lang='grc' dir='ltr'>πειρασθῆναι</span> <span class='ocrx_word' id='word_1_31' title='bbox 2004 1166 2213 1218; x_wconf 83' lang='lat' dir='ltr'>ortum</span> <span class='ocrx_word' id='word_1_32' title='bbox 2257 1167 2349 1219; x_wconf 89' lang='lat' dir='ltr'>est</span> <span class='ocrx_word' id='word_1_33' title='bbox 2375 1158 2552 1239; x_wconf 74' lang='lat' dir='ltr'>(nam</span> <span class='ocrx_word' id='word_1_34' title='bbox 2607 1158 2824 1219; x_wconf 80' lang='lat' dir='ltr'>termi-</span> 
     </span>
     <span class='ocr_line' id='line_1_6' title="bbox 699 1264 2828 1346; baseline 0 -22"><span class='ocrx_word' id='word_1_35' title='bbox 699 1266 989 1327; x_wconf 87' lang='lat' dir='ltr'>nationes</span> <span class='ocrx_word' id='word_1_36' title='bbox 1037 1267 1378 1328; x_wconf 86' lang='lat' dir='ltr'>verborum</span> <span class='ocrx_word' id='word_1_37' title='bbox 1425 1282 1612 1346; x_wconf 81' lang='lat' dir='ltr'>saepe</span> <span class='ocrx_word' id='word_1_38' title='bbox 1659 1265 2078 1339; x_wconf 88' lang='lat' dir='ltr'>omittuntur,</span> <span class='ocrx_word' id='word_1_39' title='bbox 2114 1266 2506 1343; x_wconf 83' lang='lat' dir='ltr'>insuperque</span> <span class='ocrx_word' id='word_1_40' title='bbox 2541 1264 2828 1344; x_wconf 78' lang='lat' dir='ltr'>syllabae</span> 
     </span>
     <span class='ocr_line' id='line_1_7' title="bbox 689 1370 2827 1452; baseline -0.001 -18"><span class='ocrx_word' id='word_1_41' title='bbox 689 1379 753 1434; x_wconf 82' lang='grc' dir='ltr'>αθ</span> <span class='ocrx_word' id='word_1_42' title='bbox 784 1383 846 1433; x_wconf 83' lang='lat' dir='ltr'>et</span> <span class='ocrx_word' id='word_1_43' title='bbox 875 1380 937 1434; x_wconf 82' lang='grc' dir='ltr'>σθ</span> <span class='ocrx_word' id='word_1_44' title='bbox 965 1373 1475 1436; x_wconf 87' lang='lat' dir='ltr'>confunduntur.</span> <span class='ocrx_word' id='word_1_45' title='bbox 1499 1404 1578 1420; x_wconf 88' lang='lat'>--</span> <span class='ocrx_word' id='word_1_46' title='bbox 1600 1370 1798 1452; x_wconf 77' lang='lat' dir='ltr'>Bast).</span> <span class='ocrx_word' id='word_1_47' title='bbox 1825 1406 1902 1416; x_wconf 90' lang='lat'><em>-</em></span> <span class='ocrx_word' id='word_1_48' title='bbox 1936 1373 2078 1434; x_wconf 90' lang='lat' dir='ltr'>Huc</span> <span class='ocrx_word' id='word_1_49' title='bbox 2111 1370 2434 1433; x_wconf 82' lang='lat' dir='ltr'>afferenda</span> <span class='ocrx_word' id='word_1_50' title='bbox 2466 1380 2559 1431; x_wconf 88' lang='lat' dir='ltr'>est</span> <span class='ocrx_word' id='word_1_51' title='bbox 2588 1373 2827 1452; x_wconf 87' lang='lat' dir='ltr'>optima</span> 
     </span>
     <span class='ocr_line' id='line_1_8' title="bbox 689 1479 2825 1561; baseline -0 -20"><span class='ocrx_word' id='word_1_52' title='bbox 689 1481 1135 1561; x_wconf 81' lang='lat' dir='ltr'>interpretatio</span> <span class='ocrx_word' id='word_1_53' title='bbox 1177 1499 1372 1560; x_wconf 86' lang='lat' dir='ltr'>quam</span> <span class='ocrx_word' id='word_1_54' title='bbox 1410 1480 1600 1544; x_wconf 77' lang='lat' dir='ltr'>Godct</span> <span class='ocrx_word' id='word_1_55' title='bbox 1644 1481 1723 1542; x_wconf 92' lang='lat' dir='ltr'>de</span> <span class='ocrx_word' id='word_1_56' title='bbox 1767 1479 1982 1541; x_wconf 82' lang='grc' dir='ltr'>δύνασθε</span> <span class='ocrx_word' id='word_1_57' title='bbox 2017 1480 2086 1541; x_wconf 90' lang='lat' dir='ltr'>in</span> <span class='ocrx_word' id='word_1_58' title='bbox 2125 1498 2185 1540; x_wconf 76' lang='lat' dir='ltr'>v,</span> <span class='ocrx_word' id='word_1_59' title='bbox 2222 1481 2286 1541; x_wconf 76' lang='lat'>21</span> <span class='ocrx_word' id='word_1_60' title='bbox 2327 1480 2642 1559; x_wconf 83' lang='lat' dir='ltr'><strong>proponit.</strong></span> <span class='ocrx_word' id='word_1_61' title='bbox 2675 1481 2825 1544; x_wconf 88' lang='lat' dir='ltr'>Non</span> 
     </span>
     <span class='ocr_line' id='line_1_9' title="bbox 682 1574 1795 1669; baseline -0.001 -19"><span class='ocrx_word' id='word_1_62' title='bbox 682 1588 861 1668; x_wconf 89' lang='lat' dir='ltr'>jure,</span> <span class='ocrx_word' id='word_1_63' title='bbox 892 1587 1004 1650; x_wconf 90' lang='lat' dir='ltr'>sed</span> <span class='ocrx_word' id='word_1_64' title='bbox 1034 1589 1248 1669; x_wconf 88' lang='lat' dir='ltr'>reipsa</span> <span class='ocrx_word' id='word_1_65' title='bbox 1267 1637 1280 1664; x_wconf 92' lang='lat'>,</span> <span class='ocrx_word' id='word_1_66' title='bbox 1312 1588 1595 1668; x_wconf 87' lang='lat' dir='ltr'>potestis.</span> <span class='ocrx_word' id='word_1_67' title='bbox 1788 1574 1795 1579; x_wconf 47' lang='lat'>⁵</span> 
     </span>
    </p>

    <p class='ocr_par' dir='ltr' id='par_1_4' title="bbox 672 1694 2827 3169">
     <span class='ocr_line' id='line_1_10' title="bbox 770 1694 2823 1783; baseline 0 -26"><span class='ocrx_word' id='word_1_68' title='bbox 770 1694 1114 1759; x_wconf 84' lang='lat' dir='ltr'>Concludit</span> <span class='ocrx_word' id='word_1_69' title='bbox 1160 1695 1440 1775; x_wconf 88' lang='lat' dir='ltr'>denique</span> <span class='ocrx_word' id='word_1_70' title='bbox 1490 1694 1733 1758; x_wconf 85' lang='lat' dir='ltr'>Paulus</span> <span class='ocrx_word' id='word_1_71' title='bbox 1781 1719 1794 1755; x_wconf 74' lang='grc' dir='ltr'>ε</span> <span class='ocrx_word' id='word_1_72' title='bbox 1844 1719 1871 1750; x_wconf 74' lang='grc' dir='ltr'>α</span> <span class='ocrx_word' id='word_1_73' title='bbox 1923 1694 2081 1770; x_wconf 87' lang='lat' dir='ltr'>Sed,</span> <span class='ocrx_word' id='word_1_74' title='bbox 2120 1694 2231 1756; x_wconf 91' lang='lat' dir='ltr'>ubi</span> <span class='ocrx_word' id='word_1_75' title='bbox 2282 1694 2567 1783; x_wconf 83' lang='lat' dir='ltr'>primum</span> <span class='ocrx_word' id='word_1_76' title='bbox 2615 1695 2823 1757; x_wconf 91' lang='lat' dir='ltr'>Deum</span> 
     </span>
     <span class='ocr_line' id='line_1_11' title="bbox 690 1801 2827 1882; baseline -0.003 -18"><span class='ocrx_word' id='word_1_77' title='bbox 690 1801 1050 1881; x_wconf 83' lang='lat' dir='ltr'>tentabitiS,</span> <span class='ocrx_word' id='word_1_78' title='bbox 1082 1801 1312 1864; x_wconf 86' lang='lat' dir='ltr'>efficiet</span> <span class='ocrx_word' id='word_1_79' title='bbox 1341 1811 1410 1864; x_wconf 89' lang='lat' dir='ltr'>ut</span> <span class='ocrx_word' id='word_1_80' title='bbox 1440 1820 1569 1865; x_wconf 91' lang='lat' dir='ltr'>nou</span> <span class='ocrx_word' id='word_1_81' title='bbox 1600 1801 1881 1882; x_wconf 84' lang='lat' dir='ltr'>amplius</span> <span class='ocrx_word' id='word_1_82' title='bbox 1915 1819 2063 1863; x_wconf 91' lang='lat' dir='ltr'>eum</span> <span class='ocrx_word' id='word_1_83' title='bbox 2096 1809 2338 1863; x_wconf 85' lang='lat' dir='ltr'>tentare</span> <span class='ocrx_word' id='word_1_84' title='bbox 2369 1802 2643 1880; x_wconf 80' lang='lat' dir='ltr'>possitis,</span> <span class='ocrx_word' id='word_1_85' title='bbox 2685 1827 2711 1858; x_wconf 70' lang='lat' dir='ltr'>n</span> <span class='ocrx_word' id='word_1_86' title='bbox 2745 1836 2827 1849; x_wconf 88' lang='lat'>—</span> 
     </span>
     <span class='ocr_line' id='line_1_12' title="bbox 685 1909 2818 1990; baseline 0 -21"><span class='ocrx_word' id='word_1_87' title='bbox 685 1909 894 1985; x_wconf 87' lang='lat' dir='ltr'>Quem</span> <span class='ocrx_word' id='word_1_88' title='bbox 945 1926 1208 1970; x_wconf 88' lang='lat' dir='ltr'>sensum</span> <span class='ocrx_word' id='word_1_89' title='bbox 1262 1916 1334 1970; x_wconf 92' lang='lat' dir='ltr'>ut</span> <span class='ocrx_word' id='word_1_90' title='bbox 1378 1909 1708 1984; x_wconf 89' lang='lat' dir='ltr'>obtineas,</span> <span class='ocrx_word' id='word_1_91' title='bbox 1762 1909 2087 1971; x_wconf 88' lang='lat' dir='ltr'>suffecerit</span> <span class='ocrx_word' id='word_1_92' title='bbox 2131 1909 2450 1986; x_wconf 83' lang='lat' dir='ltr'>corrigere</span> <span class='ocrx_word' id='word_1_93' title='bbox 2493 1912 2818 1990; x_wconf 74' lang='grc' dir='ltr'>ἐπενεγκεῖν.</span> 
     </span>
     <span class='ocr_line' id='line_1_13' title="bbox 687 2014 2823 2098; baseline 0.002 -22"><span class='ocrx_word' id='word_1_94' title='bbox 687 2015 1201 2094; x_wconf 80' lang='lat' dir='ltr'>praepositiones</span> <span class='ocrx_word' id='word_1_95' title='bbox 1247 2014 1355 2076; x_wconf 84' lang='grc' dir='ltr'>ἀπό</span> <span class='ocrx_word' id='word_1_96' title='bbox 1400 2023 1462 2077; x_wconf 91' lang='lat' dir='ltr'>et</span> <span class='ocrx_word' id='word_1_97' title='bbox 1498 2016 1585 2076; x_wconf 81' lang='grc' dir='ltr'>ἐπί</span> <span class='ocrx_word' id='word_1_98' title='bbox 1630 2033 1819 2094; x_wconf 88' lang='lat' dir='ltr'>saepe</span> <span class='ocrx_word' id='word_1_99' title='bbox 1864 2025 2018 2078; x_wconf 91' lang='lat' dir='ltr'>sunt</span> <span class='ocrx_word' id='word_1_100' title='bbox 2058 2017 2357 2092; x_wconf 78' lang='lat' dir='ltr'>confusa,</span> <span class='ocrx_word' id='word_1_101' title='bbox 2393 2017 2714 2098; x_wconf 82' lang='lat' dir='ltr'>etiamque</span> <span class='ocrx_word' id='word_1_102' title='bbox 2751 2018 2823 2080; x_wconf 89' lang='lat' dir='ltr'>in</span> 
     </span>
     <span class='ocr_line' id='line_1_14' title="bbox 682 2122 2817 2202; baseline 0.002 -20"><span class='ocrx_word' id='word_1_103' title='bbox 682 2122 1045 2200; x_wconf 89' lang='lat' dir='ltr'>compositis</span> <span class='ocrx_word' id='word_1_104' title='bbox 1082 2123 1333 2197; x_wconf 88' lang='lat' dir='ltr'>verbis,</span> <span class='ocrx_word' id='word_1_105' title='bbox 1367 2123 1583 2201; x_wconf 88' lang='lat' dir='ltr'>inquit</span> <span class='ocrx_word' id='word_1_106' title='bbox 1612 2122 1765 2184; x_wconf 72' lang='lat' dir='ltr'>Bast</span> <span class='ocrx_word' id='word_1_107' title='bbox 1793 2141 1816 2181; x_wconf 89' lang='lat'>.·</span> <span class='ocrx_word' id='word_1_108' title='bbox 1846 2141 2009 2202; x_wconf 88' lang='lat' dir='ltr'>quae</span> <span class='ocrx_word' id='word_1_109' title='bbox 2059 2123 2293 2185; x_wconf 86' lang='lat' dir='ltr'>menda</span> <span class='ocrx_word' id='word_1_110' title='bbox 2328 2141 2366 2184; x_wconf 86' lang='lat' dir='ltr'>a</span> <span class='ocrx_word' id='word_1_111' title='bbox 2393 2125 2620 2185; x_wconf 87' lang='lat' dir='ltr'>ceteris</span> <span class='ocrx_word' id='word_1_112' title='bbox 2655 2125 2817 2189; x_wconf 88' lang='lat' dir='ltr'>fluit.</span> 
     </span>
     <span class='ocr_line' id='line_1_15' title="bbox 680 2228 2817 2303; baseline 0 -11"><span class='ocrx_word' id='word_1_113' title='bbox 680 2262 760 2278; x_wconf 92' lang='lat'><em>-</em></span> <span class='ocrx_word' id='word_1_114' title='bbox 803 2229 1194 2292; x_wconf 77' lang='lat' dir='ltr'>praestiterit</span> <span class='ocrx_word' id='word_1_115' title='bbox 1233 2229 1502 2291; x_wconf 85' lang='lat' dir='ltr'>fortasse</span> <span class='ocrx_word' id='word_1_116' title='bbox 1555 2228 1905 2290; x_wconf 87' lang='lat' dir='ltr'>emendare</span> <span class='ocrx_word' id='word_1_117' title='bbox 1947 2236 2038 2289; x_wconf 77' lang='grc' dir='ltr'>τοῦ</span> <span class='ocrx_word' id='word_1_118' title='bbox 2085 2228 2335 2291; x_wconf 83' lang='grc' dir='ltr'>δύνασθαι</span> <span class='ocrx_word' id='word_1_119' title='bbox 2374 2240 2456 2300; x_wconf 94' lang='grc'>&lt;</span> <span class='ocrx_word' id='word_1_120' title='bbox 2491 2232 2581 2294; x_wconf 83' lang='grc' dir='ltr'>καὶ</span> <span class='ocrx_word' id='word_1_121' title='bbox 2619 2244 2714 2292; x_wconf 85' lang='grc' dir='ltr'>τοῦ</span> <span class='ocrx_word' id='word_1_122' title='bbox 2740 2242 2817 2303; x_wconf 92' lang='grc'>&gt;</span> 
     </span>
     <span class='ocr_line' id='line_1_16' title="bbox 680 2334 2820 2417; baseline 0.001 -20"><span class='ocrx_word' id='word_1_123' title='bbox 680 2341 1000 2417; x_wconf 73' lang='grc' dir='ltr'>ὑπενεγκεῖν.</span> <span class='ocrx_word' id='word_1_124' title='bbox 1035 2335 1357 2398; x_wconf 84' lang='lat' dir='ltr'>Particula</span> <span class='ocrx_word' id='word_1_125' title='bbox 1405 2336 1497 2397; x_wconf 81' lang='grc' dir='ltr'>καί</span> <span class='ocrx_word' id='word_1_126' title='bbox 1533 2334 1639 2416; x_wconf 90' lang='lat'>(=</span> <span class='ocrx_word' id='word_1_127' title='bbox 1675 2335 1759 2416; x_wconf 88' lang='grc' dir='ltr'>αι)</span> <span class='ocrx_word' id='word_1_128' title='bbox 1802 2337 2066 2397; x_wconf 86' lang='lat' dir='ltr'>evanuit</span> <span class='ocrx_word' id='word_1_129' title='bbox 2111 2345 2172 2398; x_wconf 87' lang='lat' dir='ltr'>et</span> <span class='ocrx_word' id='word_1_130' title='bbox 2224 2338 2684 2407; x_wconf 71' lang='lat' dir='ltr'>simul‚vocem</span> <span class='ocrx_word' id='word_1_131' title='bbox 2727 2346 2820 2401; x_wconf 81' lang='grc' dir='ltr'>τοῦ</span> 
     </span>
     <span class='ocr_line' id='line_1_17' title="bbox 680 2441 2818 2525; baseline 0.002 -21"><span class='ocrx_word' id='word_1_132' title='bbox 680 2444 939 2505; x_wconf 87' lang='lat' dir='ltr'>sustulit</span> <span class='ocrx_word' id='word_1_133' title='bbox 977 2441 1036 2522; x_wconf 88' lang='grc' dir='ltr'>(τ</span> <span class='ocrx_word' id='word_1_134' title='bbox 1075 2471 1157 2495; x_wconf 89' lang='lat'><strong><em>=</em></strong></span> <span class='ocrx_word' id='word_1_135' title='bbox 1195 2469 1210 2503; x_wconf 85' lang='lat' dir='ltr'>t</span> <span class='ocrx_word' id='word_1_136' title='bbox 1261 2462 1273 2505; x_wconf 89' lang='lat'>:</span> <span class='ocrx_word' id='word_1_137' title='bbox 1320 2443 1520 2521; x_wconf 88' lang='lat' dir='ltr'>igitur</span> <span class='ocrx_word' id='word_1_138' title='bbox 1565 2444 1734 2505; x_wconf 86' lang='lat' dir='ltr'>inter</span> <span class='ocrx_word' id='word_1_139' title='bbox 1773 2442 2019 2505; x_wconf 84' lang='grc' dir='ltr'>δύνασθαι</span> <span class='ocrx_word' id='word_1_140' title='bbox 2050 2452 2112 2505; x_wconf 88' lang='lat' dir='ltr'>et</span> <span class='ocrx_word' id='word_1_141' title='bbox 2143 2449 2446 2525; x_wconf 78' lang='grc' dir='ltr'>ὑπνεγκεϊν,</span> <span class='ocrx_word' id='word_1_142' title='bbox 2481 2466 2539 2508; x_wconf 90' lang='lat' dir='ltr'>v.</span> <span class='ocrx_word' id='word_1_143' title='bbox 2573 2453 2663 2507; x_wconf 76' lang='grc' dir='ltr'>τοῦ</span> <span class='ocrx_word' id='word_1_144' title='bbox 2694 2448 2818 2509; x_wconf 84' lang='lat' dir='ltr'>fac-</span> 
     </span>
     <span class='ocr_line' id='line_1_18' title="bbox 681 2549 2815 2634; baseline 0.003 -24"><span class='ocrx_word' id='word_1_145' title='bbox 681 2558 815 2612; x_wconf 89' lang='lat' dir='ltr'>tum</span> <span class='ocrx_word' id='word_1_146' title='bbox 849 2558 942 2613; x_wconf 89' lang='lat' dir='ltr'>est</span> <span class='ocrx_word' id='word_1_147' title='bbox 970 2574 999 2610; x_wconf 90' lang='grc' dir='ltr'><strong>ο</strong></span> <span class='ocrx_word' id='word_1_148' title='bbox 1029 2549 1198 2629; x_wconf 86' lang='lat' dir='ltr'>quod</span> <span class='ocrx_word' id='word_1_149' title='bbox 1228 2551 1539 2613; x_wconf 85' lang='lat' dir='ltr'>omissum</span> <span class='ocrx_word' id='word_1_150' title='bbox 1572 2551 1714 2613; x_wconf 85' lang='lat' dir='ltr'>fuit.</span> <span class='ocrx_word' id='word_1_151' title='bbox 1746 2584 1819 2598; x_wconf 83' lang='lat'>—-</span> <span class='ocrx_word' id='word_1_152' title='bbox 1851 2552 1983 2612; x_wconf 83' lang='lat' dir='ltr'>Aut</span> <span class='ocrx_word' id='word_1_153' title='bbox 2012 2550 2260 2614; x_wconf 86' lang='lat' dir='ltr'>litterae</span> <span class='ocrx_word' id='word_1_154' title='bbox 2291 2551 2353 2613; x_wconf 88' lang='grc' dir='ltr'>τό</span> <span class='ocrx_word' id='word_1_155' title='bbox 2384 2571 2494 2634; x_wconf 87' lang='lat' dir='ltr'>pro</span> <span class='ocrx_word' id='word_1_156' title='bbox 2522 2553 2636 2614; x_wconf 89' lang='lat' dir='ltr'>illa</span> <span class='ocrx_word' id='word_1_157' title='bbox 2668 2565 2815 2616; x_wconf 85' lang='lat' dir='ltr'>nota</span> 
     </span>
     <span class='ocr_line' id='line_1_19' title="bbox 677 2657 2815 2741; baseline 0.002 -21"><span class='ocrx_word' id='word_1_158' title='bbox 677 2658 1077 2720; x_wconf 85' lang='lat' dir='ltr'>existimatae</span> <span class='ocrx_word' id='word_1_159' title='bbox 1108 2668 1260 2720; x_wconf 89' lang='lat' dir='ltr'>sunt</span> <span class='ocrx_word' id='word_1_160' title='bbox 1282 2677 1409 2738; x_wconf 86' lang='lat' dir='ltr'>qua</span> <span class='ocrx_word' id='word_1_161' title='bbox 1439 2657 1705 2721; x_wconf 86' lang='lat' dir='ltr'>lacunae</span> <span class='ocrx_word' id='word_1_162' title='bbox 1731 2659 2218 2734; x_wconf 81' lang='lat' dir='ltr'>indicabantur3</span> <span class='ocrx_word' id='word_1_163' title='bbox 2245 2672 2308 2722; x_wconf 88' lang='lat' dir='ltr'>et</span> <span class='ocrx_word' id='word_1_164' title='bbox 2324 2662 2598 2724; x_wconf 88' lang='lat' dir='ltr'>alterum</span> <span class='ocrx_word' id='word_1_165' title='bbox 2618 2662 2815 2741; x_wconf 85' lang='lat' dir='ltr'>hujus</span> 
     </span>
     <span class='ocr_line' id='line_1_20' title="bbox 678 2763 2810 2844; baseline 0.002 -19"><span class='ocrx_word' id='word_1_166' title='bbox 678 2783 898 2826; x_wconf 83' lang='lat' dir='ltr'>versus</span> <span class='ocrx_word' id='word_1_167' title='bbox 925 2767 1063 2844; x_wconf 77' lang='grc' dir='ltr'>ὑμᾶς</span> <span class='ocrx_word' id='word_1_168' title='bbox 1094 2763 1262 2843; x_wconf 88' lang='lat' dir='ltr'>quod</span> <span class='ocrx_word' id='word_1_169' title='bbox 1295 2783 1407 2843; x_wconf 91' lang='lat' dir='ltr'>per</span> <span class='ocrx_word' id='word_1_170' title='bbox 1439 2766 1797 2842; x_wconf 87' lang='lat' dir='ltr'>marginem</span> <span class='ocrx_word' id='word_1_171' title='bbox 1828 2766 1949 2828; x_wconf 90' lang='lat' dir='ltr'>iter</span> <span class='ocrx_word' id='word_1_172' title='bbox 1978 2766 2149 2840; x_wconf 85' lang='lat' dir='ltr'>fecit,</span> <span class='ocrx_word' id='word_1_173' title='bbox 2181 2772 2355 2841; x_wconf 85' lang='lat' dir='ltr'>(nam</span> <span class='ocrx_word' id='word_1_174' title='bbox 2379 2769 2553 2830; x_wconf 87' lang='lat' dir='ltr'>varie</span> <span class='ocrx_word' id='word_1_175' title='bbox 2573 2769 2643 2830; x_wconf 89' lang='lat' dir='ltr'>in</span> <span class='ocrx_word' id='word_1_176' title='bbox 2669 2769 2810 2832; x_wconf 88' lang='lat' dir='ltr'>cod.</span> 
     </span>
     <span class='ocr_line' id='line_1_21' title="bbox 677 2871 2814 2957; baseline 0.003 -25"><span class='ocrx_word' id='word_1_177' title='bbox 677 2871 983 2953; x_wconf 88' lang='lat' dir='ltr'>ponitur),</span> <span class='ocrx_word' id='word_1_178' title='bbox 1018 2890 1131 2953; x_wconf 84' lang='lat' dir='ltr'>pro</span> <span class='ocrx_word' id='word_1_179' title='bbox 1162 2897 1193 2931; x_wconf 89' lang='grc' dir='ltr'>υ</span> <span class='ocrx_word' id='word_1_180' title='bbox 1229 2873 1598 2934; x_wconf 88' lang='lat' dir='ltr'>restitutum</span> <span class='ocrx_word' id='word_1_181' title='bbox 1637 2873 1761 2934; x_wconf 84' lang='lat' dir='ltr'>fuit</span> <span class='ocrx_word' id='word_1_182' title='bbox 1798 2893 1811 2935; x_wconf 75' lang='grc' dir='ltr'>ε</span> <span class='ocrx_word' id='word_1_183' title='bbox 1851 2874 2152 2936; x_wconf 89' lang='lat' dir='ltr'>nonnulli</span> <span class='ocrx_word' id='word_1_184' title='bbox 2194 2873 2345 2937; x_wconf 87' lang='lat' dir='ltr'>libri</span> <span class='ocrx_word' id='word_1_185' title='bbox 2382 2875 2560 2937; x_wconf 90' lang='lat' dir='ltr'>enim</span> <span class='ocrx_word' id='word_1_186' title='bbox 2595 2876 2690 2956; x_wconf 91' lang='lat' dir='ltr'>(ut</span> <span class='ocrx_word' id='word_1_187' title='bbox 2725 2878 2814 2957; x_wconf 88' lang='lat' dir='ltr'>K)</span> 
     </span>
     <span class='ocr_line' id='line_1_22' title="bbox 673 2978 2812 3061; baseline 0.002 -21"><span class='ocrx_word' id='word_1_188' title='bbox 673 2979 898 3058; x_wconf 83' lang='lat' dir='ltr'>legunt</span> <span class='ocrx_word' id='word_1_189' title='bbox 941 2992 1037 3040; x_wconf 80' lang='grc' dir='ltr'>τοῦ</span> <span class='ocrx_word' id='word_1_190' title='bbox 1084 2978 1330 3040; x_wconf 79' lang='grc' dir='ltr'>δύνασθαι</span> <span class='ocrx_word' id='word_1_191' title='bbox 1376 2984 1512 3060; x_wconf 77' lang='grc' dir='ltr'>ὑμᾶς</span> <span class='ocrx_word' id='word_1_192' title='bbox 1558 2981 1906 3061; x_wconf 74' lang='grc' dir='ltr'>ὑπενεγκεῖν).</span> <span class='ocrx_word' id='word_1_193' title='bbox 1945 3014 2026 3027; x_wconf 93' lang='lat'><strong>—</strong></span> <span class='ocrx_word' id='word_1_194' title='bbox 2060 2982 2136 3041; x_wconf 88' lang='lat' dir='ltr'>In</span> <span class='ocrx_word' id='word_1_195' title='bbox 2192 2982 2283 3044; x_wconf 81' lang='lat' dir='ltr'>ita</span> <span class='ocrx_word' id='word_1_196' title='bbox 2330 2983 2622 3044; x_wconf 79' lang='lat' dir='ltr'>restituto</span> <span class='ocrx_word' id='word_1_197' title='bbox 2675 2983 2812 3045; x_wconf 82' lang='lat' dir='ltr'>loco</span> 
     </span>
     <span class='ocr_line' id='line_1_23' title="bbox 672 3086 2806 3169; baseline 0 -22"><span class='ocrx_word' id='word_1_198' title='bbox 672 3107 732 3148; x_wconf 88' lang='lat' dir='ltr'>v.</span> <span class='ocrx_word' id='word_1_199' title='bbox 770 3087 1016 3149; x_wconf 81' lang='grc' dir='ltr'>δύνασθαι</span> <span class='ocrx_word' id='word_1_200' title='bbox 1050 3107 1110 3148; x_wconf 88' lang='lat' dir='ltr'>v.</span> <span class='ocrx_word' id='word_1_201' title='bbox 1144 3086 1360 3149; x_wconf 77' lang='grc' dir='ltr'>δύνασθε</span> <span class='ocrx_word' id='word_1_202' title='bbox 1395 3088 1736 3167; x_wconf 74' lang='lat' dir='ltr'>respondet</span> <span class='ocrx_word' id='word_1_203' title='bbox 1770 3097 1833 3149; x_wconf 81' lang='lat' dir='ltr'>et</span> <span class='ocrx_word' id='word_1_204' title='bbox 1868 3107 1927 3151; x_wconf 85' lang='lat' dir='ltr'>V.</span> <span class='ocrx_word' id='word_1_205' title='bbox 1965 3092 2266 3169; x_wconf 78' lang='grc' dir='ltr'>ὑπενεγκεῖν</span> <span class='ocrx_word' id='word_1_206' title='bbox 2296 3109 2356 3150; x_wconf 86' lang='lat' dir='ltr'>v.</span> <span class='ocrx_word' id='word_1_207' title='bbox 2391 3089 2557 3151; x_wconf 79' lang='grc' dir='ltr'>ἐάσει.</span> <span class='ocrx_word' id='word_1_208' title='bbox 2596 3113 2625 3145; x_wconf 86' lang='lat'>&lt;‹</span> <span class='ocrx_word' id='word_1_209' title='bbox 2663 3090 2806 3151; x_wconf 84' lang='lat' dir='ltr'>Non</span> 
     </span>
    </p>
   </div>
   <div class='ocr_carea' id='block_1_4' title="bbox 674 3182 2871 3276">
    <p class='ocr_par' dir='ltr' id='par_1_5' title="bbox 674 3182 2871 3276">
     <span class='ocr_line' id='line_1_24' title="bbox 674 3182 2871 3276; baseline 0 -20"><span class='ocrx_word' id='word_1_210' title='bbox 674 3196 948 3276; x_wconf 86' lang='lat' dir='ltr'>patietur</span> <span class='ocrx_word' id='word_1_211' title='bbox 983 3196 1158 3258; x_wconf 88' lang='lat' dir='ltr'>Deus</span> <span class='ocrx_word' id='word_1_212' title='bbox 1190 3214 1227 3255; x_wconf 87' lang='lat' dir='ltr'>a</span> <span class='ocrx_word' id='word_1_213' title='bbox 1265 3194 1443 3256; x_wconf 89' lang='lat' dir='ltr'>vobis</span> <span class='ocrx_word' id='word_1_214' title='bbox 1476 3213 1542 3255; x_wconf 90' lang='lat' dir='ltr'>se</span> <span class='ocrx_word' id='word_1_215' title='bbox 1576 3196 1808 3256; x_wconf 87' lang='lat' dir='ltr'>tentari</span> <span class='ocrx_word' id='word_1_216' title='bbox 1840 3212 2033 3274; x_wconf 87' lang='lat' dir='ltr'>supra</span> <span class='ocrx_word' id='word_1_217' title='bbox 2061 3196 2128 3257; x_wconf 92' lang='lat' dir='ltr'>id</span> <span class='ocrx_word' id='word_1_218' title='bbox 2159 3195 2328 3275; x_wconf 87' lang='lat' dir='ltr'>quod</span> <span class='ocrx_word' id='word_1_219' title='bbox 2365 3196 2624 3274; x_wconf 89' lang='lat' dir='ltr'>potestis</span> <span class='ocrx_word' id='word_1_220' title='bbox 2654 3219 2668 3271; x_wconf 87' lang='lat'>;</span> <span class='ocrx_word' id='word_1_221' title='bbox 2699 3197 2806 3257; x_wconf 84' lang='lat' dir='ltr'>sed</span> <span class='ocrx_word' id='word_1_222' title='bbox 2868 3182 2871 3187; x_wconf 44' lang='lat'>¹</span> 
     </span>
    </p>
   </div>
   <div class='ocr_carea' id='block_1_5' title="bbox 670 3300 2806 4025">
    <p class='ocr_par' dir='ltr' id='par_1_6' title="bbox 670 3300 2806 4025">
     <span class='ocr_line' id='line_1_25' title="bbox 673 3300 2806 3383; baseline 0 -19"><span class='ocrx_word' id='word_1_223' title='bbox 673 3321 820 3364; x_wconf 89' lang='lat' dir='ltr'>cum</span> <span class='ocrx_word' id='word_1_224' title='bbox 854 3303 1084 3364; x_wconf 88' lang='lat' dir='ltr'>efficiet</span> <span class='ocrx_word' id='word_1_225' title='bbox 1116 3310 1182 3363; x_wconf 89' lang='lat' dir='ltr'>ut</span> <span class='ocrx_word' id='word_1_226' title='bbox 1208 3302 1388 3383; x_wconf 89' lang='lat' dir='ltr'>(eum</span> <span class='ocrx_word' id='word_1_227' title='bbox 1424 3300 1696 3381; x_wconf 87' lang='lat' dir='ltr'>tentare)</span> <span class='ocrx_word' id='word_1_228' title='bbox 1724 3320 1855 3364; x_wconf 91' lang='lat' dir='ltr'>non</span> <span class='ocrx_word' id='word_1_229' title='bbox 1908 3302 2191 3382; x_wconf 85' lang='lat' dir='ltr'>possitis,</span> <span class='ocrx_word' id='word_1_230' title='bbox 2228 3310 2359 3364; x_wconf 88' lang='lat' dir='ltr'>tum</span> <span class='ocrx_word' id='word_1_231' title='bbox 2397 3303 2652 3364; x_wconf 85' lang='lat' dir='ltr'>desinet</span> <span class='ocrx_word' id='word_1_232' title='bbox 2681 3306 2806 3383; x_wconf 88' lang='lat' dir='ltr'>pati</span> 
     </span>
     <span class='ocr_line' id='line_1_26' title="bbox 675 3406 2806 3488; baseline 0.002 -19"><span class='ocrx_word' id='word_1_233' title='bbox 675 3408 876 3487; x_wconf 87' lang='lat' dir='ltr'>(illam</span> <span class='ocrx_word' id='word_1_234' title='bbox 933 3406 1403 3488; x_wconf 86' lang='lat' dir='ltr'>tentationem).</span> <span class='ocrx_word' id='word_1_235' title='bbox 1444 3432 1471 3462; x_wconf 73' lang='lat' dir='ltr'>n</span> <span class='ocrx_word' id='word_1_236' title='bbox 1505 3442 1585 3452; x_wconf 91' lang='lat'>—</span> <span class='ocrx_word' id='word_1_237' title='bbox 1617 3409 2114 3470; x_wconf 86' lang='lat' dir='ltr'>Animadvertes</span> <span class='ocrx_word' id='word_1_238' title='bbox 2162 3409 2229 3468; x_wconf 89' lang='lat' dir='ltr'>in</span> <span class='ocrx_word' id='word_1_239' title='bbox 2267 3409 2339 3469; x_wconf 86' lang='grc' dir='ltr'>Τ.</span> <span class='ocrx_word' id='word_1_240' title='bbox 2380 3409 2452 3469; x_wconf 72' lang='grc' dir='ltr'>Η.</span> <span class='ocrx_word' id='word_1_241' title='bbox 2489 3428 2548 3470; x_wconf 92' lang='lat' dir='ltr'>v.</span> <span class='ocrx_word' id='word_1_242' title='bbox 2590 3410 2661 3473; x_wconf 86' lang='lat'>13</span> <span class='ocrx_word' id='word_1_243' title='bbox 2695 3411 2806 3473; x_wconf 88' lang='lat' dir='ltr'>ab·</span> 
     </span>
     <span class='ocr_line' id='line_1_27' title="bbox 675 3509 2806 3598; baseline 0.002 -22"><span class='ocrx_word' id='word_1_244' title='bbox 675 3515 865 3576; x_wconf 87' lang='lat' dir='ltr'>surde</span> <span class='ocrx_word' id='word_1_245' title='bbox 914 3515 1315 3577; x_wconf 81' lang='lat' dir='ltr'>concludere.</span> <span class='ocrx_word' id='word_1_246' title='bbox 1365 3538 1391 3570; x_wconf 91' lang='lat'>«</span> <span class='ocrx_word' id='word_1_247' title='bbox 1426 3513 1592 3576; x_wconf 89' lang='lat' dir='ltr'>Cum</span> <span class='ocrx_word' id='word_1_248' title='bbox 1641 3509 1990 3577; x_wconf 82' lang='lat' dir='ltr'>tentatione</span> <span class='ocrx_word' id='word_1_249' title='bbox 2036 3517 2207 3577; x_wconf 89' lang='lat' dir='ltr'>Deus</span> <span class='ocrx_word' id='word_1_250' title='bbox 2255 3518 2499 3577; x_wconf 88' lang='lat' dir='ltr'>exitum</span> <span class='ocrx_word' id='word_1_251' title='bbox 2550 3535 2806 3598; x_wconf 84' lang='lat' dir='ltr'>quoque</span> 
     </span>
     <span class='ocr_line' id='line_1_28' title="bbox 671 3621 2805 3702; baseline 0.001 -18"><span class='ocrx_word' id='word_1_252' title='bbox 671 3623 883 3697; x_wconf 81' lang='lat' dir='ltr'>dabit,</span> <span class='ocrx_word' id='word_1_253' title='bbox 926 3632 993 3684; x_wconf 90' lang='lat' dir='ltr'>ut</span> <span class='ocrx_word' id='word_1_254' title='bbox 1037 3623 1203 3684; x_wconf 84' lang='lat' dir='ltr'>ferre</span> <span class='ocrx_word' id='word_1_255' title='bbox 1253 3621 1669 3683; x_wconf 84' lang='lat' dir='ltr'>tentationem</span> <span class='ocrx_word' id='word_1_256' title='bbox 1714 3624 1989 3701; x_wconf 85' lang='lat' dir='ltr'>possitis.</span> <span class='ocrx_word' id='word_1_257' title='bbox 2030 3647 2059 3679; x_wconf 70' lang='lat'>1&gt;</span> <span class='ocrx_word' id='word_1_258' title='bbox 2097 3626 2182 3684; x_wconf 88' lang='lat' dir='ltr'>At</span> <span class='ocrx_word' id='word_1_259' title='bbox 2225 3625 2487 3702; x_wconf 81' lang='lat' dir='ltr'>quidem</span> <span class='ocrx_word' id='word_1_260' title='bbox 2533 3626 2589 3685; x_wconf 89' lang='lat' dir='ltr'>si</span> <span class='ocrx_word' id='word_1_261' title='bbox 2629 3626 2805 3686; x_wconf 90' lang='lat' dir='ltr'>Deus</span> 
     </span>
     <span class='ocr_line' id='line_1_29' title="bbox 670 3726 2800 3809; baseline 0.001 -19"><span class='ocrx_word' id='word_1_262' title='bbox 670 3731 945 3806; x_wconf 86' lang='lat' dir='ltr'>exitum,</span> <span class='ocrx_word' id='word_1_263' title='bbox 981 3748 1068 3791; x_wconf 89' lang='lat' dir='ltr'>sc.</span> <span class='ocrx_word' id='word_1_264' title='bbox 1099 3729 1298 3790; x_wconf 85' lang='lat' dir='ltr'>finem</span> <span class='ocrx_word' id='word_1_265' title='bbox 1336 3728 1703 3790; x_wconf 86' lang='lat' dir='ltr'>tentationis</span> <span class='ocrx_word' id='word_1_266' title='bbox 1735 3728 1875 3801; x_wconf 84' lang='lat' dir='ltr'>dat,</span> <span class='ocrx_word' id='word_1_267' title='bbox 1909 3746 2039 3790; x_wconf 91' lang='lat' dir='ltr'>non</span> <span class='ocrx_word' id='word_1_268' title='bbox 2066 3732 2202 3809; x_wconf 86' lang='lat' dir='ltr'>jam</span> <span class='ocrx_word' id='word_1_269' title='bbox 2235 3731 2357 3791; x_wconf 88' lang='lat' dir='ltr'>erit</span> <span class='ocrx_word' id='word_1_270' title='bbox 2384 3726 2560 3792; x_wconf 85' lang='lat' dir='ltr'>locus</span> <span class='ocrx_word' id='word_1_271' title='bbox 2593 3740 2800 3793; x_wconf 86' lang='lat' dir='ltr'>tenta-</span> 
     </span>
     <span class='ocr_line' id='line_1_30' title="bbox 671 3833 2800 3899; baseline 0.001 -2"><span class='ocrx_word' id='word_1_272' title='bbox 671 3838 909 3898; x_wconf 90' lang='lat' dir='ltr'>tionem</span> <span class='ocrx_word' id='word_1_273' title='bbox 945 3835 1351 3897; x_wconf 86' lang='lat' dir='ltr'>terminatam</span> <span class='ocrx_word' id='word_1_274' title='bbox 1392 3833 1665 3895; x_wconf 85' lang='lat' dir='ltr'>serendi!</span> <span class='ocrx_word' id='word_1_275' title='bbox 1702 3836 1836 3894; x_wconf 86' lang='lat' dir='ltr'>Aut</span> <span class='ocrx_word' id='word_1_276' title='bbox 1869 3854 1883 3894; x_wconf 90' lang='lat'>:</span> <span class='ocrx_word' id='word_1_277' title='bbox 1922 3836 2094 3897; x_wconf 90' lang='lat' dir='ltr'>Deus</span> <span class='ocrx_word' id='word_1_278' title='bbox 2129 3835 2360 3898; x_wconf 89' lang='lat' dir='ltr'>efficiet</span> <span class='ocrx_word' id='word_1_279' title='bbox 2393 3844 2458 3897; x_wconf 89' lang='lat' dir='ltr'>ut</span> <span class='ocrx_word' id='word_1_280' title='bbox 2489 3838 2800 3899; x_wconf 85' lang='lat' dir='ltr'>desinatis</span> 
     </span>
     <span class='ocr_line' id='line_1_31' title="bbox 670 3940 2595 4025; baseline 0.001 -21"><span class='ocrx_word' id='word_1_281' title='bbox 670 3960 848 4025; x_wconf 89' lang='lat' dir='ltr'>posse</span> <span class='ocrx_word' id='word_1_282' title='bbox 880 3943 1299 4005; x_wconf 86' lang='lat' dir='ltr'>tentationem</span> <span class='ocrx_word' id='word_1_283' title='bbox 1331 3940 1525 4017; x_wconf 87' lang='lat' dir='ltr'>ferre,</span> <span class='ocrx_word' id='word_1_284' title='bbox 1561 3974 1637 3985; x_wconf 90' lang='lat'>—</span> <span class='ocrx_word' id='word_1_285' title='bbox 1668 3941 1842 4020; x_wconf 89' lang='lat' dir='ltr'>quod</span> <span class='ocrx_word' id='word_1_286' title='bbox 1872 3943 2215 4004; x_wconf 85' lang='lat' dir='ltr'>absurdius</span> <span class='ocrx_word' id='word_1_287' title='bbox 2248 3945 2442 4005; x_wconf 86' lang='lat' dir='ltr'>etiam</span> <span class='ocrx_word' id='word_1_288' title='bbox 2477 3953 2595 4007; x_wconf 88' lang='lat' dir='ltr'>est.</span> 
     </span>
    </p>
   </div>
   <div class='ocr_carea' id='block_1_6' title="bbox 1607 4159 1853 4233">
    <p class='ocr_par' dir='ltr' id='par_1_7' title="bbox 1607 4159 1853 4233">
     <span class='ocr_line' id='line_1_32' title="bbox 1607 4159 1853 4233; baseline 0.004 -14"><span class='ocrx_word' id='word_1_289' title='bbox 1607 4159 1707 4233; x_wconf 86' lang='lat' dir='ltr'>X,</span> <span class='ocrx_word' id='word_1_290' title='bbox 1759 4159 1853 4220; x_wconf 87' lang='lat'>18.</span> 
     </span>
    </p>
   </div>
   <div class='ocr_carea' id='block_1_7' title="bbox 752 4375 2794 4461">
    <p class='ocr_par' dir='ltr' id='par_1_8' title="bbox 752 4375 2794 4461">
     <span class='ocr_line' id='line_1_33' title="bbox 752 4375 2794 4461; baseline 0.004 -23"><span class='ocrx_word' id='word_1_291' title='bbox 752 4376 917 4440; x_wconf 78' lang='lat' dir='ltr'>Male</span> <span class='ocrx_word' id='word_1_292' title='bbox 953 4396 1012 4436; x_wconf 83' lang='lat' dir='ltr'>v.</span> <span class='ocrx_word' id='word_1_293' title='bbox 1046 4376 1284 4436; x_wconf 71' lang='grc' dir='ltr'>κοινωνοὶ</span> <span class='ocrx_word' id='word_1_294' title='bbox 1325 4387 1418 4436; x_wconf 82' lang='grc' dir='ltr'>τοῦ</span> <span class='ocrx_word' id='word_1_295' title='bbox 1450 4376 1815 4461; x_wconf 80' lang='grc' dir='ltr'>Θυσιαστηρίου</span> <span class='ocrx_word' id='word_1_296' title='bbox 1845 4375 1913 4437; x_wconf 83' lang='lat' dir='ltr'>in</span> <span class='ocrx_word' id='word_1_297' title='bbox 1957 4379 2438 4441; x_wconf 76' lang='lat' dir='ltr'>commentariis</span> <span class='ocrx_word' id='word_1_298' title='bbox 2481 4381 2794 4461; x_wconf 75' lang='lat' dir='ltr'>explicare</span> 
     </span>
    </p>
   </div>
  </div>
 </body>
</html>
