3559 5609
1606 868 1712 933 x1,
1744 867 1794 918 2.
2678 869 2770 925 tos

640 985 809 1066 quod
863 985 995 1048 illis
1045 985 1366 1065 apostolus
1415 986 1780 1066 exprobratl
1841 986 1923 1048 V.
1978 985 2014 1046 2
2049 992 2113 1047 et
2146 983 2336 1049 22-23
2374 986 2764 1065 compositis,

636 1091 839 1173 liquet
865 1091 1140 1156 Paulum
1167 1111 1387 1156 revera
1410 1111 1543 1158 non
1572 1094 1812 1159 dixisse
1840 1111 2006 1174 qnae
2035 1092 2137 1154 illi
2158 1092 2229 1154 in
2261 1111 2322 1154 v.
2351 1095 2385 1154 2
2416 1094 2767 1172 praebean-

640 1207 763 1261 tur.
814 1233 894 1246 —
953 1200 1103 1261 Non
1152 1200 1306 1262 satis
1351 1200 1504 1277 erit,
1554 1209 1623 1262 ut
1664 1217 1802 1262 rem
1856 1198 2038 1265 illam
2089 1199 2429 1281 expedias,
2483 1200 2676 1262 verba
2713 1203 2767 1261 ἐν

635 1304 803 1392 τούτῳ
829 1304 919 1389 (v.
967 1307 1070 1389 22)
1106 1308 1524 1388 praetendere
1573 1306 1798 1370 multis
1833 1307 2048 1370 verbis
2092 1307 2427 1370 enucleata
2483 1332 2496 1368 z
2556 1330 2582 1364 α
2640 1307 2767 1370 Sur

636 1413 914 1477 d’autres
949 1416 1164 1495 points
1197 1417 1265 1495 je
1295 1414 1442 1496 puis
1488 1433 1649 1478 vous
1686 1414 1868 1478 louer
1895 1414 1989 1497 (v.
2024 1418 2079 1488 2)
2113 1464 2125 1490 ,
2164 1416 2332 1477 mais
2361 1433 2472 1478 sur
2500 1413 2765 1478 celui-ci

637 1522 797 1584 non!
837 1547 863 1578 »
906 1522 1029 1605 (sic
1061 1521 1292 1604 Godct).
1349 1525 1600 1586 Etenim
1636 1524 1746 1586 illa
1780 1543 1884 1586 res
1925 1524 2008 1606 (ἐν
2036 1522 2230 1608 τούτῳ)
2273 1525 2502 1586 ceteris
2532 1522 2764 1585 similis

631 1639 728 1693 est
758 1631 952 1693 rebus
985 1631 1065 1693 de
1094 1630 1370 1710 quibus,
1409 1632 1478 1692 in
1525 1652 1585 1693 v.
1627 1634 1684 1705 2,
1729 1631 2104 1709 ambigitur.
2143 1631 2237 1693 Ac
2270 1631 2470 1693 nimis
2513 1629 2764 1711 liquida

631 1746 783 1800 sunt
835 1739 1026 1801 verba
1070 1757 1130 1799 v.
1187 1739 1256 1817 2,
1317 1740 1516 1802 nimis
1569 1740 1873 1802 distincte
1919 1738 2274 1819 quamlibet
2323 1739 2761 1820 exceptionem

632 1844 1091 1924 praecludunt,
1127 1855 1197 1908 nt
1245 1845 1359 1909 ille
1397 1864 1626 1908 sensus
1665 1847 2096 1927 permittatur.
2148 1883 2224 1892 —-
2271 1847 2447 1910 Num
2480 1846 2653 1910 dices
2681 1845 2762 1908 de

630 1952 986 2015 mulierum
1008 1954 1077 2015 in
1102 1953 1370 2018 ecclesia
1395 1953 1617 2016 habitu
1649 1973 1663 2016 :
1688 1978 1715 2008 <t
1746 1953 2005 2033 l'apdtre
2023 1972 2106 2016 ne
2135 1953 2342 2017 s'etait
2370 1973 2483 2035 pas
2503 1970 2761 2034 expres-

630 2064 882 2123 sement
910 2066 1233 2140 prononce
1264 2062 1426 2124 dans
1460 2079 1574 2123 son
1616 2063 2111 2140 enseignement
2138 2062 2349 2127 oral...
2371 2064 2400 2124 ⁴?
2433 2086 2462 2118 n
2498 2058 2755 2143 (Godet).

629 2169 713 2230 At
759 2168 811 2229 si
864 2192 894 2225 «
944 2186 1015 2230 ce
1061 2177 1207 2233 sont
1256 2171 1724 2232 certainement
1771 2168 1867 2231 les
1914 2170 2251 2232 traditions
2295 2169 2592 2232 relatives
2634 2187 2759 2231 aux

631 2293 858 2354 usages
906 2276 1421 2358 ecclesiastiques
1469 2295 1595 2357 que
1634 2276 1902 2355 designe
1945 2277 2033 2340 ici
2076 2277 2137 2339 le
2181 2284 2317 2341 mot
2356 2274 2671 2360 πάραδόσεις
2724 2299 2755 2331 »

624 2380 903 2464 (Germ),
938 2400 1159 2446 nonne
1189 2392 1361 2446 certo
1389 2384 1629 2448 certius
1663 2391 1756 2447 est
1791 2401 2007 2447 coram
2038 2383 2240 2447 Paulo
2274 2382 2578 2446 mulieres
2607 2390 2757 2445 ante

630 2491 753 2555 hoc
793 2499 1042 2573 tempus
1083 2508 1215 2555 non
1263 2492 1507 2556 locutas
1550 2492 1749 2557 fuisse
1779 2511 1930 2571 nec,
1972 2493 2101 2555 nisi
2132 2492 2396 2570 velatas,
2433 2491 2756 2555 oravisse?

628 2598 865 2662 Nonne
912 2605 1159 2662 constat
1205 2617 1243 2661 a
1295 2599 1498 2662 Paulo
1547 2617 1677 2663 non
1723 2600 2052 2663 institutos
2098 2599 2299 2662 fuisse
2341 2597 2459 2661 hos
2509 2597 2756 2661 mores?

626 2706 793 2784 Ergo
835 2707 948 2786 qui
996 2707 1115 2769 hos
1151 2725 1361 2770 mores
1410 2708 1835 2771 instituebant
1880 2708 2060 2787 digni
2109 2725 2238 2771 non
2284 2716 2470 2770 erant
2520 2704 2756 2788 qhibus

624 2811 865 2875 Paulus
886 2811 1124 2876 diceret
1151 2835 1166 2876 ε
1198 2814 1372 2883 καθὼς
1394 2815 1677 2898 παρέδωκα
1701 2819 1824 2896 ὑμῖν
1838 2814 1935 2884 τὰς
1953 2815 2270 2899 παραδόσεις
2286 2814 2562 2897 κατέχετε.
2583 2815 2753 2876 Nam

623 2920 1018 2982 contrarium
1042 2939 1288 2984 morem
1320 2939 1356 2981 a
1389 2921 1590 2984 Paulo
1618 2923 1992 2985 institutum
2012 2940 2084 2984 ac
2108 2928 2548 2985 consecratum
2579 2939 2753 2984 ever-

626 3028 860 3104 tebant,
883 3036 944 3090 et
974 3046 1139 3092 vers.
1159 3028 1301 3092 3-15
1323 3028 1561 3091 iterum
1583 3048 1940 3110 versusque
1964 3033 1998 3091 2
2023 3030 2196 3091 inter
2223 3048 2290 3093 se
2320 3035 2611 3110 pugnant
2634 3026 2748 3109 (1).

620 3170 697 3185 -
727 3137 825 3199 De
853 3156 913 3198 v.
954 3135 989 3200 3
1027 3138 1217 3200 Godet
1246 3138 1470 3200 scribit
1501 3157 1514 3200 ε
1553 3162 1583 3195 «
1619 3138 1676 3199 Il
1714 3146 1810 3200 est
1836 3156 2008 3201 assez
2040 3137 2339 3219 probable
2367 3187 2379 3215 ,
2414 3136 2661 3217 d'apres
2692 3135 2753 3199 le
2804 3196 2807 3201 .

620 3264 677 3305 v.
721 3245 821 3324 16,
857 3263 982 3326 que
1012 3245 1106 3308 les
1136 3246 1632 3309 ultra-liberauit
1661 3246 1743 3309 de
1778 3246 2091 3311 Corinthe
2122 3245 2437 3326 parlaient
2471 3262 2624 3307 avec
2658 3261 2747 3306 un

619 3357 860 3418 certain
890 3354 1124 3417 dedain
1163 3354 1275 3419 des
1310 3354 1768 3436 prescriptions
1802 3354 2318 3435 ecclesiastiques
2347 3353 2609 3416 laissees
2640 3370 2753 3432 par

617 3459 937 3542 l’Apdtre‚
981 3470 1044 3524 et
1091 3461 1282 3542 qu’au
1331 3481 1486 3526 nom
1519 3463 1596 3526 de
1640 3462 1903 3543 l'Esprit
1944 3462 2263 3543 plusieurs
2304 3460 2753 3542 pretendaient

612 3571 777 3649 jeter
811 3589 909 3632 ses
935 3570 1143 3649 regles
1179 3572 1549 3651 par-dessus
1581 3571 1740 3633 bord
1775 3594 1801 3626 ι
1839 3571 1929 3652 (p.
1969 3571 2130 3653 124).
2165 3571 2308 3645 Quo
2341 3576 2522 3649 pacto
2552 3569 2750 3646 igitur

619 3677 861 3740 Paulus
891 3678 1024 3740 illis
1054 3679 1312 3742 laudem
1343 3698 1403 3740 v.
1439 3682 1474 3739 2
1504 3680 1836 3759 impertire
1864 3679 2110 3759 potuit?

698 3786 843 3848 Nisi
873 3786 942 3848 in
978 3786 1094 3849 hoc
1125 3788 1460 3850 enuntiato
1496 3787 1773 3849 ironiam
1808 3786 2027 3849 videas
2058 3786 2258 3867 (quod
2294 3783 2558 3847 difficile
2588 3783 2741 3864 est),

617 3892 1229 3971 interrogationem,
1286 3909 1569 3972 quaeso,
1630 3900 1836 3956 statue
1889 3912 1902 3954 :
1963 3917 1990 3949 α
2050 3893 2226 3954 Num
2271 3909 2387 3955 vos
2433 3890 2742 3968 laudabo,

677 4133 743 4196 (1)
775 4134 839 4182 V.
878 4133 935 4183 16
963 4137 1017 4182 et
1047 4148 1160 4196 seq.
1192 4134 1352 4196 plane
1383 4148 1507 4182 cum
1538 4149 1590 4185 v.
1623 4134 1653 4182 2
1683 4138 1948 4197 pugnant.
1972 4134 2138 4193 Nam,
2169 4149 2304 4198 pace
2334 4138 2503 4184 Godet
2536 4134 2746 4207 dixisse

613 4224 794 4279 liceat,
840 4224 896 4271 in
939 4224 1047 4272 illis
1091 4239 1142 4275 ν.
1186 4226 1651 4283 depravationem
1694 4225 2066 4275 institutionis
2113 4225 2318 4275 Paulus
2368 4225 2743 4289 reprehendit.

614 4312 733 4361 Nisi
768 4313 1089 4374 depravatio
1123 4317 1419 4371 constaret,
1443 4313 1536 4363 vix
1563 4314 1904 4377 intelligeres
1926 4321 2171 4365 ceterum
2193 4330 2290 4365 cur
2311 4315 2517 4366 Paulus
2540 4317 2747 4367 frustra

616 4416 839 4465 operam
866 4401 1236 4466 insumpserit
1262 4404 1320 4451 in
1348 4417 1491 4454 verS.
1520 4403 1581 4452 23
1615 4418 1692 4467 sq.
1730 4405 2055 4458 scribendis·
