3559 5609
847 817 911 868 26
1787 818 1838 876 1,
1874 817 2046 867 21-24.

847 932 970 994 nit.
1017 932 1143 994 Sed
1184 932 1354 993 nihil
1404 932 1698 1012 nullique
1745 932 1988 994 Paulus
2030 930 2432 993 contradicit.
2480 930 2806 1011 Oppositio
2851 949 2978 992 non

847 1050 943 1101 est
985 1040 1433 1115 contradictio,
1471 1040 1839 1119 Paulusque
1883 1040 2073 1102 modo
2116 1056 2350 1101 novam
2380 1039 2845 1119 oppositionem
2876 1038 2981 1099 in-

848 1147 1015 1208 dicat
1059 1165 1253 1225 quam
1287 1146 1604 1225 posterius
1635 1146 1981 1226 explicabit
2025 1155 2087 1207 et
2123 1164 2288 1226 quae
2319 1146 2397 1208 ad
2428 1145 2712 1225 priorem
2741 1146 2983 1208 accedit

849 1271 976 1316 non
1011 1254 1376 1330 delendam,
1409 1256 1520 1316 sed
1552 1255 2027 1335 complendam.

1811 1471 1877 1545 1,
1917 1449 2013 1532 3'0.

928 1686 1122 1748 Recte
1160 1686 1425 1765 quidem
1480 1684 1780 1748 Osiandcr
1820 1685 2169 1746 affirmavit
2214 1686 2409 1747 verba
2449 1684 2749 1760 δικαιοσύνη
2788 1711 2847 1747 τι
2891 1684 2982 1746 καὶ

765 1874 773 1881 .
842 1794 1101 1874 ἁγιασμὸς
1133 1794 1224 1854 καὶ
1258 1791 1618 1877 ἀπολύτρωσις
1650 1795 1836 1873 quasi
1875 1792 2332 1872 amplificatam
2376 1793 2977 1872 interpretationem

730 1895 739 1902 ’
845 1918 982 1961 esse
1028 1901 1307 1962 notionis
1350 1899 1568 1979 δύναμις
1619 1899 1870 1962 notioni
1917 1899 2076 1982 σοφία
2122 1900 2211 1979 (ν.
2261 1898 2365 1971 24,
2415 1899 2494 1960 cf.
2540 1917 2599 1962 v,
2648 1897 2746 1980 18)
2789 1915 2983 1978 Supra

841 2009 1241 2086 conjunctae.
1300 2008 1488 2070 Unde
1536 2018 1752 2069 autem
1808 2009 2021 2067 variae
2070 2007 2377 2069 lectiones
2423 2005 2724 2078 δικαιοσύνη
2771 2030 2860 2079 τε,
2911 2006 2981 2066 in

841 2115 1020 2177 codd.
1059 2114 1222 2175 alex.
1258 2123 1319 2176 et
1349 2116 1491 2194 byZ.
1514 2163 1527 2187 ‚
1568 2122 1628 2175 el)
1657 2115 1747 2175 καὶ
1788 2112 2125 2190 δικαιοσύνη,
2159 2114 2228 2175 in
2262 2114 2442 2177 codd.
2481 2130 2689 2192 graec.
2729 2114 2838 2174 lat.
2879 2131 2981 2175 re-

841 2230 1078 2301 pertae,
1111 2232 1297 2284 natae
1320 2224 1471 2297 sint,
1494 2240 1622 2283 non
1647 2222 1968 2300 explanat.
1997 2223 2152 2283 Sine
2177 2222 2375 2283 dubio
2401 2220 2813 2283 scribendum
2843 2229 2975 2282 est:

952 2328 1059 2390 ἀπὸ
1082 2333 1227 2391 Θεοῦ
1256 2330 1347 2390 καὶ
1377 2329 1677 2402 δικαιοσύνη
1709 2355 1767 2390 τε
1797 2329 1887 2390 καὶ
1923 2329 2185 2410 ἁγιασμὸς
2217 2332 2337 2389 κτλ.
2382 2329 2528 2391 Non
2561 2328 2833 2391 Omnino
2869 2328 2981 2389 Ob-

841 2438 1082 2499 soletus
1115 2446 1209 2499 est
1237 2438 1419 2500 illius
1450 2437 1802 2516 particulae
1837 2462 1894 2497 τε
1931 2455 2085 2498 usus
2125 2455 2138 2500 :
2174 2436 2467 2516 exempla
2497 2436 2716 2499 confer
2745 2454 2908 2521 quae
2944 2454 2980 2496 a

841 2546 1095 2605 Passow
1125 2546 1192 2605 in
1228 2545 1416 2606 lexic.
1459 2546 1536 2607 de
1567 2546 2003 2624 Xenophonte
2035 2544 2285 2622 prodita
2326 2552 2497 2610 sunt.
2535 2543 2658 2605 Sed
2690 2543 2848 2605 adeo
2885 2552 2978 2604 ta-

842 2669 994 2711 mon
1027 2671 1181 2712 usus
1218 2651 1327 2712 ille
1365 2671 1546 2713 rarus
1583 2663 1717 2730 est„
1752 2662 1825 2712 ut
1859 2651 2047 2713 facile
2078 2650 2406 2730 intelligas
2440 2650 2720 2712 librariis
2753 2650 2977 2725 illum,

845 2767 1153 2836 tanquam
1186 2759 1660 2838 pleonasmum‚
1692 2760 2125 2838 suspicionem
2151 2758 2427 2834 dedisse,
2458 2759 2574 2838 qui
2603 2758 2718 2820 alii
2745 2757 2834 2818 καὶ
2868 2758 2974 2818 de-

842 2863 1048 2925 lentes
1095 2865 1309 2952 etalii
1355 2866 1438 2941 τέ,
1479 2866 1633 2927 huic
1669 2867 1823 2927 vitio
1853 2865 2100 2926 mederi
2152 2865 2473 2926 duxerunt
2507 2885 2521 2925 :
2557 2865 2978 2944 quamohrem

841 2972 1027 3035 hodie
1057 2972 1183 3034 duo
1213 2972 1565 3035 lectionum
1597 2991 1835 3051 genera
1866 2973 1937 3033 in
1978 2972 2158 3034 libris
2192 2972 2628 3051 reperiuntur.
2731 2965 2734 2968 ’

1806 3165 1906 3263 11,
1957 3187 2014 3247 4.

920 3403 988 3463 Si
1027 3402 1222 3464 verba
1270 3403 1322 3461 ἐν
1366 3407 1557 3468 πειθοῒς
1602 3400 1789 3483 σοφίας
1836 3399 2011 3481 λόγοις
2055 3419 2203 3462 enm
2255 3402 2465 3463 verbis
2507 3400 2663 3483 λόγου
2711 3399 2747 3474 ἢ
2792 3400 2979 3485 σοφίας

839 3511 925 3592 (v.
962 3511 1020 3594 l)
1041 3519 1101 3572 et
1121 3516 1173 3571 ἐν
1203 3510 1463 3580 ἀποδείξει
1492 3508 1792 3589 πνεύματος
1817 3511 1931 3570 καὶ
1959 3511 2230 3590 δυνάμεως
2262 3512 2549 3572 conferre
2571 3511 2770 3585 voles,
2792 3527 2977 3590 porro

840 3619 893 3679 si
931 3619 1407 3680 animadvertes
1441 3618 1513 3677 in
1542 3617 1929 3697 quibusdam
1978 3619 2158 3679 libris
2191 3617 2316 3695 legi
2356 3624 2525 3678 πειθοῖ
2565 3626 2625 3679 et
2665 3617 2823 3698 λόγου
2865 3635 2975 3697 pro

838 3731 1031 3794 πειθοῖς
1064 3735 1124 3787 et
1154 3724 1353 3805 λόγοις,
1400 3724 1682 3798 accedes,
1720 3733 1891 3802 pulo,
1931 3724 2097 3784 mihi
2143 3725 2513 3786 emendanti
2550 3749 2562 3784 z
2599 3727 2651 3784 ἐν
2681 3731 2851 3786 πειθοῖ
2880 3749 2975 3786 σο-

830 3832 958 3914 ’φίας
999 3833 1088 3893 καὶ
1135 3831 1314 3912 λόγου.
1369 3832 1722 3893 Mutatione
1769 3837 1940 3892 πειθοῖ
1981 3832 2046 3891 in
2087 3837 2284 3900 πειθοῖς
2330 3833 2565 3894 sactum
2614 3834 2732 3895 fuit
2772 3843 2842 3895 ut
2881 3832 2972 3893 λό-

837 3963 933 4017 γου
958 3939 1050 4020 (1)
1081 3941 1149 4000 in
1183 3938 1360 4019 λόγοις
1389 3939 1479 4019 (2)
1506 3947 1862 4000 mutaretur
1887 3948 1948 4000 et
1975 3940 2067 3998 καί
2092 3946 2523 4015 evanesceret,
2556 3941 2723 4020 quod
2758 3921 2990 4019 legen-⁵

1695 4089 1756 4143 Q

900 4207 966 4270 (1)
998 4224 1054 4257 ου
1087 4226 1149 4258 .=
1177 4225 1242 4256 ων
1274 4206 1442 4270 (Bast)
1479 4222 1489 4255 ε
1528 4208 1676 4255 unde
1718 4208 1921 4255 factum
1954 4211 2036 4255 est
2085 4213 2145 4255 ut
2193 4210 2444 4257 nonnulli
2476 4210 2687 4258 librarii
2717 4211 2966 4273 legerent

838 4300 994 4361 λόγων
1022 4293 1154 4360 (var.
1187 4299 1312 4347 lect.
1351 4297 1493 4361 ms.).¹

900 4387 966 4450 (2)
996 4407 1020 4437 v
1056 4406 1116 4430 =
1147 4406 1184 4445 ις
1215 4377 1552 4451 (Tournier),
1578 4407 1618 4437 ω
1650 4404 1717 4430 --·-
1745 4405 1773 4438 ο
1803 4387 1988 4451 (Βεεί),
2028 4402 2157 4451 ergo
2188 4390 2344 4452 λόγων
2380 4407 2440 4431 ==
2469 4390 2651 4452 λόγοις.
