3559 5609
1524 839 1575 896 Ι,
1617 838 1812 896 17-111‚
1850 840 1893 890 9.
2633 873 2639 878 -
2711 838 2773 887 23

729 957 888 1018 Vers
936 955 1165 1028 20-1V‚
1223 956 1246 1015 1
1301 953 1433 1016 illis
1481 954 1889 1017 destinantur
1936 954 2052 1035 qui
2103 955 2383 1017 nimium
2426 955 2776 1018 aestimant

641 1063 789 1127 illos
820 1064 932 1143 qui
963 1062 1324 1143 principem
1357 1062 1430 1123 in
1457 1062 1643 1123 sectis
1675 1061 1889 1125 locum
1924 1062 2235 1125 obtinent.

723 1171 836 1245 IV,
877 1171 900 1231 1
938 1169 1373 1232 conditionem
1413 1167 1677 1232 illorum
1713 1167 2082 1251 principum
2113 1187 2187 1232 ac
2216 1170 2596 1248 dignitatem
2628 1170 2774 1234 des-

641 1275 853 1339 cribit.

719 1384 834 1461 IV,
864 1384 964 1447 2-4
989 1383 1126 1446 illis
1151 1384 1510 1447 destinatur
1539 1384 1655 1465 qui
1686 1384 2011 1467 principes
2041 1383 2432 1464 vituperant,
2453 1384 2771 1465 judicant.

639 1492 739 1554 Ibi
772 1492 1013 1555 Paulus
1044 1494 1319 1572 primam
1352 1509 1691 1572 personam
1718 1492 2012 1555 adhibet.

715 1597 844 1667 1V,
910 1598 946 1659 5
1007 1615 1157 1660 cum
1225 1597 1625 1673 fautoribus,
1707 1606 1843 1660 tum
1920 1597 2306 1660 adversariis
2370 1598 2770 1675 destinatur,

631 1705 867 1787 qnippe
905 1706 1021 1786 qui
1063 1709 1133 1767 in
1164 1723 1449 1786 aequum
1483 1722 1766 1767 errorem
1801 1722 2148 1787 paremque
2188 1705 2444 1787 culpam
2482 1705 2772 1769 incidant

634 1813 1106 1893 (unusquisque
1135 1814 1442 1895 principis
1471 1813 1809 1892 cujusdam
1842 1814 2050 1877 fautor
2084 1814 2281 1876 simul
2317 1822 2413 1877 est
2442 1814 2635 1876 etiam
2664 1831 2769 1877 ce·

629 1928 911 1982 tororum
936 1921 1304 2000 principum
1334 1920 1801 1999 adversarius).

709 2027 758 2089 Ε
819 2027 950 2097 IV,
1021 2026 1057 2087 6
1126 2028 1368 2090 Paulus
1438 2028 1809 2108 superbiam
1873 2035 1936 2088 et
2002 2002 2454 2106 arrogantiam·
2500 2028 2767 2107 castigat

622 2153 790 2216 quae
848 2135 1148 2198 omnium
1202 2135 1436 2197 harum
1484 2136 1767 2215 partium
1815 2136 2306 2199 contentionum
2358 2137 2545 2219 quasi
2603 2137 2766 2199 radi-

622 2259 726 2304 ces
787 2242 1197 2305 absconditae
1261 2243 1615 2330 erant.·Se
1670 2241 2037 2305 Corinthiis
2097 2243 2347 2306 ironice
2411 2252 2756 2325 comparat.

624 2349 827 2422 Dein,
882 2349 1244 2427 benignum
1301 2349 1621 2430 recipiens
1679 2366 2088 2425 sermonem,
2138 2348 2286 2411 illos
2332 2350 2626 2412 hortatur
2677 2350 2758 2412 ad

620 2475 687 2538 se
734 2474 882 2519 cum
944 2457 1012 2517 in
1060 2456 1221 2532 vita,
1278 2465 1408 2518 tum
1467 2459 1539 2518 in
1587 2456 1881 2519 doctrina
1931 2456 2326 2519 imitandum
2378 2476 2392 2519 :
2446 2474 2607 2537 quas
2653 2457 2757 2519 Ti-

616 2564 913 2627 motheus
967 2563 1101 2626 illis
1152 2564 1704 2627 commemorabit.
1759 2597 1841 2611 —
1897 2564 2118 2627 Minus
2162 2564 2329 2626 mihi
2390 2563 2755 2644 displiceret

618 2672 808 2735 Godct
832 2673 1131 2734 assentiri
1166 2661 1407 2743 dicenti
1437 2661 1850 2735 Timotheum
1891 2673 2089 2735 fuisse
2116 2675 2389 2734 missum
2420 2680 2493 2734 ut
2519 2672 2748 2735 Corin-

616 2781 769 2842 thiis
819 2779 1060 2842 diceret
1117 2798 1131 2840 :
1190 2803 1218 2834 α
1270 2780 1615 2841 Doctrinae
1662 2780 1863 2840 vitam
1905 2778 2420 2854 accommodate,
2465 2786 2535 2841 ut
2581 2780 2750 2841 Pau·

612 2888 746 2962 ωε,
796 2911 826 2942 »
875 2887 931 2947 si
978 2885 1169 2948 Godct
1212 2885 1411 2949 vellet
1462 2886 1900 2960 Timotheum,
1957 2886 2339 2967 priusquam
2389 2887 2480 2947 ita
2526 2885 2749 2966 loque-

617 3002 816 3066 retur,
879 2994 970 3054 sic
1024 2993 1204 3073 loqui
1264 3012 1277 3055 :
1337 3018 1368 3049 «
1428 2994 1819 3055 Mementote
1881 2993 2070 3054 Pauli
2128 2992 2482 3068 doctrinae,
2534 3002 2750 3055 curate

618 3083 690 3162 ut
747 3117 889 3162 eam
944 3099 1182 3162 melius
1244 3099 1659 3178 intelligam,
1718 3099 1992 3162 desinite
2052 3098 2234 3161 illam
2283 3116 2580 3161 mancam
2645 3107 2744 3161 at-

615 3226 741 3289 que
790 3207 1158 3270 inchoatam
1214 3208 1482 3285 ducere,
1527 3218 1717 3290 atque
1753 3208 1835 3269 ad
1891 3207 2182 3269 saniores
2234 3185 2589 3269 sententias
2639 3226 2744 3270 re-

613 3315 765 3378 dite.
812 3338 841 3371 n

691 3423 820 3498 VI,
859 3424 892 3482 2
929 3440 1190 3501 gravem
1225 3421 1415 3484 Godet
1441 3421 1745 3502 exprimit
1789 3423 2266 3486 confessionem
2303 3447 2314 3483 ε
2358 3447 2385 3479 ιι
2422 3424 2548 3483 Par
2582 3431 2747 3486 cette

610 3530 885 3593 formule
921 3549 934 3590 z
973 3532 1062 3592 Ne
1109 3547 1478 3592 savez-vous
1512 3547 1630 3611 pas
1659 3578 1673 3601 ‚
1719 3530 1835 3609 qui
1882 3530 2135 3591 revient
2168 3529 2427 3610 jusqu’a
2470 3531 2574 3591 dix
2625 3532 2747 3594 fois

613 3637 773 3699 dans
809 3645 990 3699 notre
1022 3640 1223 3717 epitre
1245 3682 1264 3711 ,
1297 3636 1579 3715 l’Apotre
1611 3638 1723 3697 fait
1759 3635 2036 3697 allusion
2069 3655 2192 3697 aux
2223 3636 2746 3714 enseignements

614 3744 774 3822 qu¹il
826 3744 999 3804 avait
1042 3744 1293 3806 donnes
1338 3746 1374 3804 a
1424 3743 1682 3821 l'Eglise
1730 3748 1768 3804 a
1815 3742 2103 3823 l'epoque
2153 3744 2231 3804 de
2273 3761 2342 3805 sa
2387 3744 2741 3807 fondation.

616 3850 753 3911 Elle
796 3849 1149 3930 s'applique
1193 3850 1277 3912 ici
1323 3854 1358 3911 a
1390 3869 1479 3911 un
1514 3851 1692 3930 point
1725 3851 1851 3911 tres
1880 3849 2113 3929 special
2157 3849 2237 3911 de
2271 3848 2748 3929 l'eschatologie

614 3956 1026 4031 chretienne,
1070 3966 1132 4018 et
1163 3956 1290 4019 lton
1329 3966 1479 4037 peut
1518 3956 1821 4019 conclure
1862 3958 1942 4018 de
1990 3966 2087 4020 cet
2116 3957 2403 4036 exemple
2448 3959 2744 4021 combien

614 4064 770 4126 etait
807 4063 1104 4125 detaillee
1159 4063 1587 4134 l’instruction
1624 4082 1750 4146 que
1804 4064 1894 4125 les
1949 4064 2196 4143 Eglises
2250 4067 2612 4128 recevaient
2667 4068 2746 4130 de

613 4151 918 4252 l'Apdtre.
968 4196 994 4227 n
1045 4171 1297 4246 Quibus
1333 4173 1687 4246 concessiS‚
1727 4172 1990 4234 difficile
2035 4171 2285 4234 videtur
2326 4172 2515 4236 Godet
2560 4193 2744 4237 suam

613 4280 1092 4343 distinctionem
1130 4282 1292 4343 tueri
1335 4298 1517 4360 posse
1555 4280 1725 4341 inter
1768 4281 2228 4360 professionem
2275 4281 2552 4360 primam
2588 4285 2744 4344 sim-

612 4388 976 4468 plicemque
1012 4387 1313 4450 Corinthi
1355 4389 1492 4468 jam
1535 4388 1750 4452 datam
1777 4431 1795 4461 ‚
1845 4394 1907 4446 et
1945 4385 2364 4465 speculativas
2406 4389 2744 4467 professio-
