3559 5609
718 866 804 917 132
1664 861 1811 920 XIV,
1848 861 1894 913 6.

1635 1085 1830 1159 XIV,
1877 1085 1936 1144 6.

793 1301 1055 1363 Constat
1085 1300 1425 1380 dupliciter
1453 1299 1575 1361 sibi
1606 1299 1888 1361 invicem
1919 1298 2302 1378 respondere
2331 1294 2682 1379 ἀποκαλύψει,
2711 1298 2848 1376 γνώ-

714 1432 814 1480 σει,
848 1406 1157 1491 προφητείᾳ,
1189 1409 1397 1489 διδαχῇ.
1430 1407 1513 1467 Η.
1546 1404 1591 1468 1.
1625 1414 1841 1468 autem
1875 1412 1945 1467 ut
1974 1403 2296 1484 expedias,
2324 1404 2436 1465 tibi
2468 1420 2600 1465 non
2631 1395 2725 1465 fas
2755 1410 2850 1464 est

717 1513 907 1577 Godet
935 1514 1259 1587 assentiri,
1293 1513 1410 1594 qui
1449 1513 1699 1575 duobus
1732 1513 1965 1591 primis
1997 1516 2052 1572 ἐν
2087 1511 2360 1574 alterum
2391 1528 2655 1572 sensum
2697 1509 2850 1572 dare

716 1623 1031 1704 proponit,
1060 1620 1338 1683 alterum
1375 1637 1525 1683 vero
1555 1617 1808 1682 duobus
1837 1619 2058 1682 alteris
2087 1618 2346 1700 (gallice
2374 1618 2564 1680 modo
2587 1642 2617 1674 «
2649 1637 2760 1680 sur
2791 1645 2844 1693 υ,

714 1730 907 1792 modo
943 1753 971 1786 α
1005 1746 1118 1810 par
1153 1730 1234 1810 »).
1268 1728 1557 1807 Cogitavi
1589 1728 1668 1791 de
1698 1728 2076 1806 corrigendo
2109 1745 2123 1789 ε
2261 1727 2483 1802 λαλήσω
2512 1724 2851 1809 ἀποκάλυψιν

711 1835 746 1909 ἢ
778 1847 979 1918 γνῶσιν
1010 1841 1062 1898 ἐν
1094 1836 1381 1921 προφητείᾳ
1410 1834 1446 1908 ἢ
1478 1839 1531 1897 ἐν
1559 1838 1782 1919 διδαχῇ.-

796 1945 1140 2007 Notatione
1178 1943 1449 2022 dignum
1497 1951 1595 2007 est
1639 1945 1815 2006 enim
1859 1945 1928 2004 iu
1980 1940 2316 2005 nonnullis
2351 1942 2488 2005 cod.
2530 1942 2849 2022 etiamque

712 2052 784 2112 in
833 2050 1272 2113 Gebhardtina
1320 2051 1601 2114 editione
1650 2052 1704 2111 ἐν
1747 2059 1898 2112 ante
1929 2053 2117 2132 διδαχῇ
2154 2051 2388 2113 omitti.
2422 2051 2606 2137 Patet
2649 2049 2849 2127 igitur

713 2157 879 2220 illud
913 2161 967 2219 ἐν
1000 2156 1275 2220 oblitum
1308 2166 1500 2238 atque
1541 2158 1612 2219 in
1658 2159 1951 2236 margine
1999 2157 2363 2238 adpositum
2406 2158 2625 2219 fuisse.
2664 2156 2848 2231 Quod

716 2267 770 2327 si
819 2282 1025 2327 unum
1072 2285 1130 2325 v.
1174 2266 1209 2339 ἤ
1248 2265 1543 2327 eamdem
1589 2265 1817 2327 habuit
1863 2266 2221 2343 fortunam,
2257 2270 2468 2326 textus
2513 2265 2626 2344 qui
2676 2280 2851 2325 nunc

716 2371 953 2449 legitur
976 2373 1153 2434 nasci
1179 2372 1406 2452 potuit.
1427 2372 1712 2435 Observa
1733 2373 1927 2434 etiam
1955 2372 2219 2434 ultimas
2246 2372 2586 2434 verborum
2610 2372 2847 2430 ἀποκαλ.

717 2487 779 2541 ct
817 2483 980 2558 γνῶσ.
1018 2477 1281 2540 litteras.
1322 2479 1491 2540 Nam
1533 2481 1823 2541 confusio
1861 2478 2226 2542 litterarum
2265 2504 2294 2539 ν
2332 2486 2393 2540 ct
2437 2504 2480 2546 ις
2519 2485 2630 2539 aut
2659 2503 2687 2538 ν
2721 2485 2782 2539 et
2813 2502 2849 2550 η

716 2583 922 2665 (Bast,
965 2582 1300 2666 Vollymsf,
1336 2582 1662 2665 Tournier)
1691 2602 1917 2646 ansam
1951 2584 2127 2647 dedit
2160 2583 2522 2662 legentibus
2549 2586 2584 2659 ἤ
2614 2591 2727 2645 aut
2758 2585 2842 2660 ἐν,

715 2708 863 2752 cum
901 2699 1203 2753 neutrum
1239 2699 1404 2753 esset
1437 2690 1786 2770 legendum
1812 2691 1888 2772 (ις
1915 2719 1996 2744 =
2019 2717 2094 2760 εις
2119 2717 2201 2749 =
2229 2717 2303 2754 εν.
2331 2693 2511 2769 Bau,
2546 2698 2744 2770 etc...,
2775 2708 2848 2753 ac

713 2805 958 2877 postero
1011 2800 1293 2878 tempore
1333 2824 1348 2858 ι
1379 2806 1441 2860 et
1467 2824 1544 2874 ει,
1577 2799 1730 2878 quia
1759 2800 1982 2862 eodem
2018 2816 2175 2863 sono
2210 2817 2538 2882 expressa,
2570 2799 2742 2860 inter
2777 2816 2846 2861 se

712 2903 1022 2967 confundi
1052 2903 1259 2967 solent
1287 2938 1365 2951 --
1405 2903 1770 2986 Vollqraff).

1566 3120 1725 3182 XIV
1747 3169 1761 3197 ,
1807 3121 1979 3183 9-10.

796 3335 1006 3397 Nemo
1034 3341 1130 3395 est
1162 3335 1275 3414 qui
1311 3333 1378 3394 h.
1420 3354 1477 3395 v.
1514 3351 1660 3396 cum
1692 3334 1760 3394 in
1796 3336 1869 3397 T.
1905 3336 2011 3410 R.,
2047 3343 2185 3397 tum
2213 3336 2279 3396 in
2322 3336 2583 3416 optimis
2611 3336 2845 3401 codici-

714 3444 834 3505 bus
882 3441 1225 3519 intelligat.
1274 3441 1486 3504 Verba
1531 3442 1622 3502 καὶ
1670 3440 1819 3503 οὐδὲν
1868 3443 2073 3526 ἄφωνον
2121 3445 2498 3522 praesertim
2561 3445 2850 3508 difficilia

716 3556 887 3610 sunt.
953 3547 1406 3628 Interpretatio
1450 3565 1647 3627 quam
1684 3549 1978 3629 sequitur
2016 3548 2204 3611 Godet
2253 3551 2421 3612 nihil
2474 3552 2624 3614 satis
2675 3552 2847 3612 firmi

679 3684 686 3692 ·
717 3656 926 3718 habet.
960 3657 1039 3717 In
1075 3657 1285 3717 verbis
1319 3655 1498 3718 nullo
1524 3665 1706 3735 pacto
1751 3655 1936 3718 ludos
1983 3657 2132 3719 facit
2169 3657 2273 3720 hic
2309 3657 2574 3722 Paulus,
2638 3659 2846 3722 Nam-

714 3782 840 3843 que
895 3765 961 3824 in
1014 3763 1336 3843 praesenti
1392 3768 1560 3824 textu
1605 3763 1813 3847 ἄφωνον
1863 3762 2054 3842 longe
2097 3764 2275 3826 abest
2310 3782 2348 3827 a
2380 3774 2607 3849 φωνῶν;
2663 3784 2846 3846 opor-

718 3878 877 3933 teret
901 3879 1160 3948 autem‚
1209 3879 1276 3932 ut
1326 3870 1517 3933 Godet
1542 3871 1653 3951 βίος
1701 3869 1966 3948 ἁὸίωτος,
2015 3870 2203 3953 ἄχαρις
2238 3871 2392 3954 χάρις
2445 3873 2676 3935 afferre
2704 3891 2845 3952 pos-

716 3987 846 4054 set,
890 3977 1166 4040 Paulum
1202 3979 1532 4058 scripsisse
1588 4003 1601 4038 z
1655 3978 1877 4058 οὐδεμία
1927 3976 2077 4060 φωνὴ
2133 3978 2339 4061 ἄφωνος
2397 3980 2615 4059 :quod
2656 3980 2849 4042 etiam

716 4087 772 4147 si
800 4087 1139 4166 incideret,
1176 4085 1557 4164 symmetria
1587 4088 2048 4164 requireretur.
2089 4084 2626 4149 Subaudiendum
2667 4087 2849 4148 enim

718 4202 880 4256 esset
921 4194 1032 4253 ἐστι
1080 4193 1400 4272 verbaque
1441 4194 1529 4253 ita
1567 4191 1938 4254 collocanda
1996 4217 2007 4253 :
2057 4192 2276 4273 οὐδεμία
2316 4194 2462 4277 φωνή
2512 4195 2653 4255 ἐστιν
2694 4195 2847 4279 ἄφω-

720 4324 818 4368 νοι-,ι
884 4304 948 4360 ln
996 4301 1346 4363 enuntiatis
1394 4297 1704 4378 exemplis
1748 4307 1969 4360 contra
2003 4296 2230 4367 ἁὸίωτος
2265 4319 2376 4381 pro
2418 4300 2669 4382 epitheto
2714 4318 2846 4363 non

724 4420 932 4468 nutem
988 4427 1096 4488 pro
1149 4406 1504 4489 praedicato
1547 4426 1605 4468 v.
1648 4405 1793 4485 βίος,
1865 4405 2053 4489 ἄχαρις
2091 4425 2205 4487 pro
2250 4407 2504 4487 epitheto
2548 4425 2677 4470 non
2730 4424 2847 4470 au-
