3559 5609
842 757 904 809 58
988 767 993 770 “
1801 755 1907 818 v1,
1945 754 2020 806 18.

923 876 1244 938 Eumdem
1273 874 1406 936 fere
1436 855 1703 936 sensum
1735 874 1998 953 assequi
2041 874 2312 952 poteris,
2359 873 2583 950 legens
2621 874 2888 958 ἄνθρωπος
2918 877 2979 935 ἐκ

842 989 934 1044 τοῦ
965 985 1292 1062 σώματος...
1324 1029 1338 1056 ,
1389 981 1595 1042 deleta
1625 981 1876 1059 syllaba
1929 1004 2018 1048 τος
2049 1000 2109 1042 v.
2145 979 2293 1049 ἐκτός
2332 986 2639 1061 tanquam
2672 982 2976 1060 dittogra-

845 1092 1004 1170 phia
1038 1110 1097 1149 V.
1139 1101 1234 1150 τοῦ
1274 1091 1348 1167 (ος
1382 1113 1464 1144 -..-;
1491 1111 1551 1148 ου
1588 1123 1665 1135 -
1698 1086 1898 1168 Bast).
1938 1088 2073 1151 Cur
2116 1088 2364 1166 syllaba
2405 1111 2494 1156 τος
2535 1089 2610 1150 ad
2653 1105 2878 1152 vocem
2921 1092 2981 1148 ἐκ

845 1199 1147 1272 adjuncta
1176 1197 1371 1258 fuerit
1419 1203 1557 1275 post
1599 1194 1924 1279 (ἄνθρω)πος
1971 1202 2032 1257 et
2082 1201 2229 1257 ante
2268 1193 2568 1276 (σώμα)τος
2610 1195 2673 1276 (π
2717 1221 2795 1248 =
2836 1221 2868 1255 τ
2902 1227 2982 1243 --

858 1303 1192 1388 Vollyraff,
1227 1304 1405 1386 Basl)
1437 1304 1629 1366 facile
1660 1304 2152 1381 intelligeretur.
2196 1304 2374 1364 Inter
2423 1304 2522 1364 182
2552 1311 2612 1365 et
2649 1302 2748 1364 18b
2787 1320 2982 1382 oppo-

846 1413 996 1474 sitio
1023 1419 1161 1473 tum
1189 1412 1439 1475 acutior
1468 1412 1761 1474 evaderet
1786 1411 1874 1491 (ἐκ
1902 1447 1979 1456 ——-
2010 1415 2131 1483 εἰς).
2167 1410 2405 1473 Omnia
2435 1410 2700 1489 quidem
2731 1415 2983 1489 peccata

845 1527 1000 1582 sunt
1032 1520 1092 1580 ἐκ
1123 1531 1218 1580 τοῦ
1248 1521 1528 1599 σώματος.
1569 1502 1940 1581 Fornicatio
1975 1526 2191 1580 autem
2224 1515 2423 1598 simul
2454 1523 2548 1579 est
2581 1519 2641 1577 ἐκ
2668 1528 2763 1576 τοῦ
2793 1519 2984 1596 σώμα-

844 1649 931 1694 τος
959 1625 1050 1688 καὶ
1079 1628 1153 1694 εἰς
1179 1626 1242 1686 τὸ
1271 1638 1454 1706 σῶμα.

1853 1842 1978 1902 V11

924 2059 1169 2121 Omnes
1215 2065 1757 2121 commentatores
1801 2058 1865 2139 (e
1911 2058 2153 2137 quibus
2205 2076 2383 2120 nunc
2430 2057 2567 2131 illi,
2607 2075 2785 2118 nunc
2830 2057 2987 2119 huic

844 2167 1196 2229 assentitur
1232 2165 1435 2243 Godet)
1485 2166 1574 2227 ita
1607 2165 1788 2226 illam
1822 2166 2137 2244 epistulae
2174 2172 2421 2244 partem
2454 2166 2981 2244 interpretantur,

848 2281 917 2336 ut
943 2273 1215 2354 apostoli
1251 2274 1609 2336 sententiae
1644 2275 1958 2349 diffusae,
2000 2275 2401 2353 perturbatae
2440 2274 2633 2348 fiant,
2668 2280 2750 2347 et,
2789 2279 2859 2335 ut
2889 2273 2977 2334 ita

843 2380 1055 2443 dicam
1084 2430 1097 2456 ‚
1132 2361 1504 2460 dissipatae.
1541 2382 1729 2456 Quod
1762 2377 2082 2460 augurari
2115 2381 2233 2442 tibi
2264 2380 2363 2442 fas
2394 2387 2510 2457 est,
2541 2380 2670 2457 hie,
2709 2398 2876 2461 quae
2907 2381 2978 2440 in

846 2487 969 2551 hoc
1004 2506 1139 2567 cap.
1176 2506 1316 2551 esse
1350 2489 1759 2564 existimant,
1795 2489 2182 2551 brevissime
2210 2489 2741 2552 commemoratis
2777 2508 2790 2549 :

932 2598 1058 2658 1-2.
1095 2596 1343 2663 Paulus
1374 2598 1452 2659 de
1481 2597 1804 2660 coelibatu
1835 2597 2099 2659 disserit
2131 2622 2142 2657 :
2180 2597 2580 2675 superiorem
2615 2615 2755 2660 esse
2786 2596 2983 2660 coeli-

843 2705 992 2767 bem
1014 2751 1031 2779 ,
1065 2704 1426 2783 legitimam
1472 2712 1690 2767 autem
1722 2703 2137 2785 conjugalem
2175 2706 2399 2766 vitam.
2446 2738 2525 2750 -—
2560 2705 2759 2769 Nullo
2795 2707 2984 2769 modo

844 2811 1212 2890 legentibus
1258 2811 1656 2887 admonitis,
1710 2812 1926 2874 subito
1962 2813 2041 2873 ad
2088 2812 2271 2873 aliud
2319 2812 2718 2891 propositum
2755 2813 2929 2876 venit
2966 2838 2977 2873 ε

844 2936 975 2999 qua
1016 2920 1264 2982 ratione
1310 2937 1378 2981 se
1425 2920 1494 2980 in
1537 2921 1875 2982 communi
1920 2921 2051 2982 vita
2092 2937 2313 3000 gerere
2354 2921 2665 2999 conjuges
2699 2927 2985 2999 oporteat

843 3026 1028 3109 (3-5).
1059 3061 1141 3074 —
1169 3028 1400 3090 Nihilo
1433 3028 1655 3090 minus
1691 3029 2030 3108 inopinato
2071 3030 2150 3089 ad
2192 3027 2581 3091 coelibatum
2612 3029 2974 3091 revertitur.

845 3136 1097 3198 Deinde
1133 3138 1212 3198 de
1244 3136 1603 3199 coelihibus
1647 3153 1721 3198 ac
1764 3136 2157 3198 mulieribus
2197 3136 2417 3198 viduis
2461 3137 2744 3215 disputat
2795 3137 2974 3218 (8-9).

849 3242 995 3305 Mox
1049 3243 1248 3322 agitat
1301 3243 1655 3305 discidium
1704 3259 1779 3304 ac
1828 3243 2181 3305 divortium
2232 3243 2492 3323 (lo-17).
2549 3246 2606 3306 A
2656 3244 2975 3323 proposito

846 3350 1175 3428 paulisper
1231 3350 1550 3413 declinata
1609 3351 1967 3426 sententia,
2022 3351 2101 3414 de
2158 3350 2528 3428 virginibus
2573 3350 2754 3430 loqui
2807 3350 2976 3414 inci-

851 3458 942 3537 pit
973 3457 1127 3539 (25),
1161 3475 1325 3537 quas
1356 3464 1572 3520 autern
1612 3476 1759 3520 mox
1790 3458 2200 3521 obliviscitur
2231 3465 2301 3520 ut
2322 3460 2401 3522 de
2430 3459 2590 3532 viris
2620 3458 2977 3522 coelibibus

850 3564 1088 3626 iterum
1127 3564 1298 3625 dicat
1340 3563 1688 3646 (27-28aa).
1728 3569 1812 3627 At
1841 3566 2131 3628 celeriter
2164 3567 2244 3628 ad
2290 3564 2578 3645 virgines
2620 3567 2811 3628 refert
2846 3583 2979 3627 ser-

850 3688 1111 3733 monem
1158 3669 1392 3752 (28³3),
1431 3690 1593 3751 quas
1637 3667 1850 3735 tamen
1899 3675 2113 3735 denuo
2160 3673 2501 3735 confestim
2534 3672 2980 3752 relinquit-Et
3080 3734 3089 3742 ,

850 3778 1089 3840 iterum
1122 3795 1160 3839 a
1189 3778 1512 3857 proposito
1547 3780 1912 3858 digreditur
1941 3786 2014 3840 ut
2042 3797 2272 3841 rursus
2310 3779 2391 3840 ad
2435 3779 2607 3840 viros
2642 3778 2973 3839 matrime-

850 3886 963 3947 nio
991 3887 1374 3967 conjunctos
1402 3904 1476 3949 ac
1506 3887 1679 3950 viros
1714 3887 1994 3967 coelibes
2025 3891 2378 3953 revertatur
2406 3884 2679 3966 (32-33).
2708 3886 2977 3947 Verum·
3014 3887 3020 3891 ’

849 4001 1064 4057 tamen
1095 3994 1173 4055 ad
1209 3994 1498 4073 virgines
1532 3996 1747 4059 denuo
1777 3995 1943 4057 redit
1977 3993 2239 4076 (34-38).
2279 3995 2391 4067 Et,
2441 4001 2512 4056 ut
2539 4012 2676 4072 cap.
2710 3994 2975 4055 conclu-

851 4103 992 4179 dat,
1040 4102 1275 4164 iterum
1325 4103 1571 4186 (39-40)
1619 4104 1698 4163 ad
1763 4103 1993 4163 viduas
2040 4102 2383 4163 revertitur
2426 4103 2503 4162 de
2553 4090 2797 4179 quibus
2839 4100 2976 4179 jam

848 4207 936 4289 (v.
965 4208 1033 4292 8)
1059 4227 1267 4272 sermo
1297 4210 1443 4272 fuit.
2567 4209 2572 4214 “

932 4318 1037 4380 Me
1049 4318 1296 4401 judice,
1329 4318 1386 4381 si
1418 4317 1609 4380 Pauli
1641 4317 1835 4379 verba
1860 4316 2136 4379 minime
2156 4321 2301 4396 apta
2321 4316 2492 4378 inter
2512 4332 2580 4379 se
2600 4321 2661 4378 et
2680 4314 2980 4394 colligata
