3559 5609
843 871 898 916 :22¹
1793 870 1894 920 vl.
1933 870 2041 918 Μ.

838 987 1129 1047 lominus
1164 986 1367 1046 Paule
1406 986 1807 1064 metonymia
1844 987 2060 1047 liceret
2097 985 2208 1047 illo
2247 986 2342 1045 uti
2378 984 2722 1059 vocabulo,
2764 992 2833 1046 ut
2858 986 2996 1071 jug

836 1095 1011 1155 dices
1047 1095 1066 1153 i
1078 1110 1220 1172 psos
1252 1101 1673 1171 nuncuparet.
1692 1093 2083 1156 Videbimus
2113 1109 2260 1155 mox
2286 1092 2572 1154 similem
2602 1092 2681 1154 de
2700 1092 2966 1176 ποτήριον,

833 1200 1192 1283 θυσιαστήριον
1221 1200 1666 1278 metonyniam
1701 1199 1816 1282 (1).

921 1310 1257 1371 Vei-temus
1284 1309 1487 1385 igitur
1522 1326 1582 1369 v,
1621 1309 1656 1366 4
1697 1333 1709 1368 ε
1748 1335 1772 1362 α
1810 1307 1882 1369 Si
1916 1307 2075 1370 forte
2105 1309 2359 1371 eveniet
2388 1311 2522 1386 (aut
2551 1325 2701 1370 cum
2733 1308 2971 1385 evenit)

837 1425 905 1479 ut
949 1416 1220 1494 collegia
1255 1415 1557 1497 judicum
1605 1415 1896 1477 habeatis
1931 1416 2010 1477 ad
2047 1415 2400 1478 saecularia
2440 1416 2829 1495 judicanda,
2867 1416 2967 1478 illi

832 1540 995 1603 quos
1014 1522 1321 1605 (judices)
1351 1523 1766 1598 constituitiS‚
1796 1523 1894 1583 illi
1925 1530 2077 1585 suut
2106 1530 2278 1585 etc...
2307 1547 2336 1579 »
2366 1522 2702 1586 Subaudio
2731 1523 2967 1607 κριτήρια

831 1637 1141 1711 tanquam
1195 1632 1609 1710 posteriorem
1665 1631 1743 1692 ad
1796 1631 1989 1714 ζιαθίζω
2046 1631 2128 1711 (2)
2177 1631 2608 1710 ‘pertinentem
2661 1631 2961 1708 figuram.

831 1739 971 1801 Hoc
1017 1738 1529 1800 emolumentum
1581 1737 2225 1814 interpretationibus
2266 1736 2582 1800 hactenus
2622 1738 2966 1817 propositis

829 1847 1038 1921 deest,
1075 1847 1319 1926 quibus
1357 1853 1895 1909 commentatores
1938 1853 2258 1925 coguntur
2303 1866 2364 1906 V.
2410 1847 2604 1917 καθίζω
2646 1847 2790 1909 sine
2832 1846 2965 1909 ulla

828 1954 1208 2016 definitione
1242 1971 1556 2033 usurpare
1592 1979 1604 2014 ε
1640 1954 1813 2034 quod
1863 1954 2106 2016 mirum
2151 1962 2265 2018 est.
2300 1988 2378 1999 -
2407 1955 2486 2014 Τὸ
2527 1954 2619 2015 ἐὰν
2657 1954 2817 2036 ἔχητε
2855 1972 2961 2017 os-

831 2061 1053 2138 tendit,
1080 2058 1284 2123 Paulo
1311 2061 1558 2142 judice,
1582 2060 1959 2123 christianis
1991 2060 2207 2123 nullos
2233 2043 2557 2141 cujusque
2587 2061 2763 2123 modi
2788 2060 2959 2141 judi·

827 2186 932 2232 ces
978 2168 1310 2232 habendos
1352 2168 1588 2243 fuisse,
1634 2186 1845 2248 neque
1890 2185 2205 2247 paganos,
2250 2186 2459 2248 neque
2507 2168 2897 2231 christianos
2940 2193 2952 2228 ε

826 2277 999 2356 quod
1043 2293 1337 2355 expresse
1381 2277 1451 2337 in
1499 2294 1556 2336 v,
1599 2277 1634 2335 7
1671 2274 1848 2337 dicit.
1890 2301 1914 2331 α
1970 2275 2043 2336 Si
2081 2275 2338 2356 judices
2383 2281 2596 2338 tamen
2635 2275 2955 2351 haheatiS,

822 2384 1055 2447 clamat
1083 2385 1155 2446 in
1184 2402 1244 2444 ν.
1274 2384 1332 2458 4,
1362 2382 1753 2446 christianos
1782 2383 2009 2445 saltem
2040 2382 2260 2460 eligite
2284 2382 2299 2443 l
2321 2381 2447 2445 Sed
2477 2383 2647 2445 inter
2672 2400 2958 2462 paganos

818 2489 1019 2571 (quod
1050 2491 1307 2570 culpam
1337 2498 1616 2554 vestram
1645 2492 1858 2568 anget)
1885 2489 2141 2569 judices
2170 2489 2515 2569 quaeritis!
2561 2513 2589 2547 ιι

904 2599 1117 2662 Invito
1136 2597 1342 2672 Godet,
1364 2597 1731 2677 simplicius
1760 2597 2358 2676 congruentiusque
2384 2605 2478 2660 est
2502 2595 2623 2666 τοὺς
2648 2596 2946 2678 ἐξουθενημ.

818 2725 876 2766 v,
916 2708 951 2765 4
990 2723 1101 2785 pro
1137 2706 1404 2785 paganis
1440 2703 1675 2768 habere
1708 2722 1905 2784 quam
1942 2722 2054 2783 pro
2087 2703 2463 2767 christianis
2492 2703 2784 2768 Corinthi
2823 2712 2951 2767 sto-

816 2813 971 2875 lidis
1018 2831 1057 2874 a
1107 2814 1555 2875 consecraneis
1603 2830 1829 2875 eorum
1880 2813 2283 2891 contemptis.
2343 2812 2619 2875 Nullum
2666 2830 2700 2874 e
2765 2812 2955 2875 Godet

815 2921 1220 2998 argumentis
1249 2929 1343 2982 est
1372 2920 1543 2999 quod
1576 2919 1844 2982 refutari
1876 2918 2065 2982 facile
2097 2937 2227 2981 non
2265 2919 2481 2997 possit.

901 3027 957 3088 1⁰
1000 3027 1320 3091 Usitatam
1365 3027 1913 3105 significationem
1957 3027 2307 3105 particulae
2336 3018 2424 3087 οῧν
2458 3044 2714 3089 servare
2759 3026 2948 3089 facile

731 3159 737 3164 ·
812 3141 923 3197 est.
963 3134 1209 3197 Paulus
1240 3154 1299 3195 v,
1336 3135 1370 3193 4
1399 3135 1631 3213 incipit
1661 3158 1673 3195 :
1698 3158 1725 3190 α
1752 3136 1920 3212 Ergo
1952 3135 2002 3196 si
2040 3134 2184 3195 lites
2209 3134 2572 3196 saeculares
2602 3133 2883 3210 habetis;
2914 3158 2941 3190 n

811 3258 885 3303 ex
935 3241 1069 3303 illis
1112 3258 1279 3321 quae
1324 3248 1472 3303 aute
1520 3248 1703 3315 sunt,
1746 3241 1954 3319 logica
2002 3241 2335 3303 conclusio
2381 3242 2543 3303 foret
2585 3268 2595 3304 :
2641 3266 2667 3299 (ι
2717 3243 2946 3305 fratres

810 3354 1051 3410 vestros
1092 3348 1350 3428 judices
1387 3347 1805 3411 constituitis.
1851 3350 1991 3410 »At
2035 3349 2206 3410 inter
2248 3348 2418 3448 lianc
2464 3349 2741 3426 logicam
2787 3365 2939 3410 con-

807 3456 1169 3519 clusionem
1205 3461 1266 3518 et
1297 3472 1516 3517 rerum
1559 3456 1892 3517 veritatem
1927 3454 2267 3529 Corinthi,
2305 3455 2727 3518 contradictio
2772 3456 2941 3518 inte-

805 3573 955 3628 rest.
998 3564 1345 3645 Apostolus
1386 3563 1567 3626 illam
1613 3564 2191 3627 contradictionem
2238 3570 2386 3625 ante
2430 3562 2683 3638 oculoe,
2732 3569 2802 3624 ut
2850 3562 2940 3623 ita

805 3672 1049 3744 dicam,
1100 3689 1332 3751 ponere
1382 3673 1732 3734 contendit.
1773 3672 2247 3746 Quamobrem,
2290 3671 2701 3749 superiorum
2748 3669 2936 3749 quasi

804 3780 1182 3854 immemor,
1230 3787 1782 3860 exspectatamque
1832 3781 2127 3842 consulto
2180 3780 2515 3857 negligens
2564 3780 2934 3841 conclusio-

864 4079 927 4144 (1)
959 4078 1041 4131 Gr.
1077 4080 1264 4142 Hebr.‚
1290 4078 1438 4140 XIII,
1477 4078 1548 4142 10,
1579 4080 1674 4131 ubi
1704 4079 1834 4145 ἔχειν
1863 4091 1987 4128 cum
2019 4095 2068 4128 v.
2103 4076 2448 4145 θυσιαστήριον
2477 4076 2535 4126 in
2563 4075 2931 4139 metonymica

800 4171 1205 4233 significatione
1235 4174 1504 4234 usurpato
1536 4171 1847 4219 adhibetur.

858 4259 924 4320 (2)
958 4259 1145 4307 Possis
1190 4260 1333 4308 inter
1378 4259 1515 4307 duas
1555 4258 2052 4307 subdistinctiones
2084 4258 2167 4307 ἐὰν
2197 4258 2342 4322 ἔχητε
2375 4269 2584 4320 ponere
2631 4269 2693 4303 ac
2726 4254 2932 4319 βιωτικὰ

795 4349 1025 4413 κριτήρια
1054 4349 1119 4397 ευ]
1151 4349 1368 4406 καθίζετε
1398 4349 1621 4408 referre,
1652 4348 1728 4395 ita
1757 4351 1821 4394 ut
1849 4351 1974 4408 post
2000 4347 2145 4411 ἔχητε
2168 4361 2221 4395 v.
2247 4346 2453 4409 βιωτικὰ
2479 4345 2704 4409 κριτήρια
2733 4346 2928 4392 subau-

798 4436 932 4486 dias,
