3559 5609
770 828 832 880 w
1667 825 1800 890 vn,
1836 828 2005 880 39-40.

774 951 943 1006 terae
952 942 1043 1025 (α)
1063 962 1122 1005 ν.
1147 941 1516 1025 μακαριωτέρα
1536 950 1600 1005 et
1621 943 1865 1024 primae
1881 942 2131 1006 litterae
2148 942 2228 1024 (ε)
2246 962 2304 1005 v.
2322 947 2462 1004 ἐστιν
2478 945 2748 1008 forsitan
2766 954 2903 1009 orta

772 1059 869 1114 est
901 1051 961 1130 (α
989 1076 1070 1103 --.
1097 1052 1126 1110 δ
1153 1051 1226 1111 in
1255 1049 1502 1112 unciali
1531 1050 1848 1131 scriptura
1876 1085 1955 1096 —-
1985 1053 2148 1128 Base,
2186 1049 2523 1133 Vollyraff,
2559 1053 2789 1134 etc...).
2826 1086 2907 1101 -—

772 1157 899 1220 Sed
931 1158 1128 1219 variis
1157 1156 1545 1220 lectionibus
1577 1157 1907 1238 inspectiS,
1943 1157 2173 1220 melior
2201 1159 2569 1238 conjectura
2600 1161 2901 1223 occurrit.

773 1265 1095 1328 Nonnulli
1130 1263 1378 1328 codices
1409 1263 1646 1346 (graec.
1681 1264 1791 1328 lat.
1827 1273 1887 1328 et
1916 1264 2092 1346 hyz.)
2137 1274 2275 1347 post
2307 1265 2508 1328 δέδεται
2539 1286 2600 1332 v.
2639 1266 2786 1352 νόμῳ
2817 1267 2906 1330 le·

721 1434 728 1441 .
773 1381 970 1452 gunt,
1006 1390 1080 1435 ac
1110 1372 1414 1435 nonnulli
1443 1372 1689 1436 codices
1726 1372 1966 1454 (graec.
2001 1373 2111 1435 lat.
2149 1382 2211 1436 et
2238 1375 2408 1453 byz.)
2444 1375 2536 1435 καί
2567 1383 2705 1454 post
2737 1374 2828 1435 ἐὰν
2854 1375 2912 1437 δέ

771 1480 1038 1545 addunt.
1078 1481 1438 1543 Restituam
1473 1481 1673 1560 igitur
1703 1480 1834 1562 γυνὴ
1873 1480 2074 1543 δέδεται
2117 1483 2170 1541 ἐν
2201 1481 2349 1566 νόμῳ
2390 1483 2567 1565 κυρίου
2596 1485 2676 1567 ἐφ’
2708 1482 2905 1545 ὅσον...

773 1587 865 1648 ἐὰν
893 1584 950 1649 δὲ
975 1592 1201 1670 κοιμηθῇ
1228 1620 1311 1634 -
1337 1582 1657 1669 γαμηθῆναι.
1692 1589 2082 1672 Μακαριωτέρα
2113 1588 2245 1651 δέ...
2286 1591 2413 1656 Lex
2452 1590 2717 1652 Domini
2754 1606 2913 1653 uxo·-

771 1713 909 1758 rem
947 1696 1088 1760 viro
1128 1694 1387 1774 colligat
1420 1696 1678 1776 (10-11).
1717 1697 1918 1760 Voces
1939 1695 2109 1777 ’νόμος
2154 1697 2330 1780 κυρίου
2356 1715 2706 1778 nusquam,
2740 1697 2908 1778 quod

772 1804 971 1868 sciam
1008 1803 1121 1886 (1),
1160 1805 1573 1884 reperiuntur
1602 1804 2079 1883 significatione
2108 1805 2431 1884 praeditae
2466 1824 2479 1867 :
2522 1831 2548 1858 α
2585 1805 2741 1881 heir,
2775 1806 2913 1884 jus-

775 1929 919 1988 sus»,
965 1912 1260 1975 doctrina
1293 1912 1548 1975 Christi.
1591 1936 1619 1968 ι)
1659 1912 2119 1992 Deprehendas
2157 1919 2407 1974 tantum
2436 1910 2593 1992 νόμος
2623 1911 2914 1980 πίστεως

769 2016 1037 2098 (RQm.,
1075 2019 1209 2095 III,
1261 2018 1388 2098 27),
1430 2017 1589 2099 νόμος
1617 2025 1732 2079 τοῦ
1780 2022 2066 2103 Χριστοῦ
2102 2018 2296 2099 (Gal.,
2332 2020 2454 2095 VI,
2489 2018 2575 2101 2),
2609 2017 2768 2100 νόμος
2800 1999 2915 2094 τῆῆς

772 2125 1151 2208 ἐλευθερίας
1179 2124 1371 2206 (Jac.,
1412 2127 1476 2201 1,
1516 2126 1636 2203 253
1669 2126 1770 2202 ΙΙ,
1812 2126 1930 2207 12).
1967 2126 2415 2206 Infrequentia
2456 2144 2687 2189 vocum
2719 2144 2909 2188 men-

772 2232 920 2295 dam
960 2233 1239 2314 peperit,
1294 2251 1460 2313 quae
1508 2234 1578 2294 in
1624 2234 2004 2321 omissione,
2052 2233 2399 2312 marginali
2443 2234 2866 2313 inscriptione
2895 2282 2908 2309 ‚

773 2338 945 2401 mala
974 2339 1327 2402 insertione
1354 2340 1671 2403 consistit.
1705 2339 1882 2401 Μόνον
1912 2340 2155 2402 factum·
2185 2348 2279 2402 est
2305 2340 2476 2425 νόμῳ.

853 2527 1148 2589 Breviter
1193 2545 1369 2589 nunc
1411 2527 1914 2617 complectamur
1944 2527 2240 2591 ordinem
2274 2546 2468 2607 quem
2502 2528 2685 2591 nobis
2723 2545 2908 2590 secu-

778 2645 878 2695 tus
914 2634 1111 2695 fuisse
1145 2634 1386 2696 Paulus
1421 2635 1599 2696 visus
1632 2644 1744 2696 est.

827 2743 905 2833 21.
944 2742 1038 2803 De
1068 2744 1423 2820 conjugum
1460 2743 1531 2802 in
1568 2743 1896 2805 connubio
1928 2744 2177 2805 ratione
2209 2744 2419 2822 vitae(
2433 2742 2586 2824 1-5).

851 2849 940 2911 ΙΙ.
984 2850 1160 2911 Num
1189 2850 1370 2912 vidui
1399 2868 1473 2912 ac
1513 2849 1790 2928 coelibes
1827 2851 2166 2932 utriusque
2211 2869 2402 2914 sexus
2450 2851 2764 2913 coelibem
2819 2851 2908 2910 vi-

773 2964 903 3017 tam
938 2958 1147 3018 vivere
1180 2956 1651 3038 debent·(6-9)?

853 3064 977 3127 ΙΙΙ.
1015 3066 1109 3127 De
1143 3066 1416 3128 divortio
1443 3065 1713 3147 (10-17).
2560 3120 2593 3153 ,

853 3172 968 3233 IV.
1009 3173 1335 3250 Digressio
1360 3174 1430 3234 in
1463 3191 1590 3254 qua
1621 3174 2098 3237 circumcisioni
2119 3191 2194 3236 ac
2225 3174 2525 3237 servituti
2554 3191 2905 3237 accommo-

774 3281 962 3341 datur
1008 3282 1326 3342 sententia
1366 3282 1730 3343 communis
1765 3301 1778 3342 :
1818 3282 2267 3362 unusquisque
2303 3282 2373 3342 in
2420 3264 2904 3362 qua-vocatione

777 3394 1034 3449 vocatus
1067 3393 1181 3463 est,
1215 3387 1284 3447 in
1318 3405 1391 3449 ea
1419 3396 1794 3467 permaneat
1821 3389 2082 3471 (18-24).

860 3496 934 3556 V.
979 3495 1035 3555 N
1049 3477 1157 3556 um
1186 3496 1456 3573 juvenes
1486 3496 1901 3575 virginesque
1938 3497 2249 3560 coelibem
2286 3498 2488 3559 vitam
2534 3507 2752 3560 tenere
2794 3496 2906 3558 de-

776 3604 930 3665 bent
954 3604 983 3662 ⁶?
1019 3601 1289 3685 (25-38.)

855 3711 969 3772 VI.
1056 3712 1286 3772 Utrum
1360 3711 1569 3772 viduis
1640 3711 2024 3775 mulieribus
2099 3713 2416 3776 secundae
2491 3713 2751 3793 nuptiae
2823 3713 2906 3774 li-

777 3826 962 3880 ceant
990 3806 1243 3898 (39-40).
1315 3842 1316 3845 ¹

1656 3980 1852 4054 vm,
1895 3979 2025 4040 1-9.
2089 3937 2092 3943 ’

859 4140 1007 4228 Non
1039 4167 1191 4227 satis
1222 4174 1344 4240 est,
1393 4175 1577 4245 puto,
1609 4167 1691 4228 ad
1726 4183 1863 4261 cap.
1899 4166 2060 4228 VIII
2095 4166 2575 4246 explicandum,
2608 4168 2907 4250 παρένθεσιν

844 4405 910 4469 (1)
942 4406 1004 4454 In
1034 4405 1191 4465 Luc.‚
1225 4406 1294 4465 11,
1327 4405 1387 4455 23
1415 4406 1589 4470 κυρίου
1617 4419 1730 4455 non
1754 4405 2053 4473 Christum,
2088 4408 2185 4456 sed
2214 4407 2392 4458 Deum
2421 4408 2647 4458 indicat.
