3559 5609
833 820 921 872 146
1346 836 1352 841 ·
1730 820 1850 881 XV,
1882 821 2054 872 29-31.

824 970 905 985 —
942 937 1088 999 Non
1122 938 1503 1000 vertendum
1536 938 1795 1022 ἡμετέραν
1838 959 1851 1001 :
1891 963 1921 994 α
1959 938 2019 1001 le
2047 939 2214 1019 sujet
2251 939 2331 1001 de
2359 937 2786 1018 glorification
2830 959 2958 1021 que

823 1064 986 1108 nous
1016 1061 1302 1124 pouvons
1335 1046 1513 1108 avoir
1558 1063 1635 1108 en
1682 1063 1833 1108 vous
1874 1070 1902 1103 ι
1952 1044 2074 1127 (sic
2115 1044 2307 1109 Godet
2330 1063 2525 1128 quam
2557 1047 2801 1127 respuit
2827 1045 2957 1113 leo-

825 1155 1067 1216 tionem
1095 1152 1599 1234 interpretatur).
1626 1153 1842 1217 Verba
1869 1154 1937 1215 in
1962 1152 2133 1216 vobis
2161 1154 2232 1215 in
2265 1160 2439 1217 textu
2468 1170 2601 1216 non
2630 1155 2962 1237 reperiun-

824 1268 927 1323 tur
950 1307 967 1336 ,
998 1278 1072 1323 ac
1102 1262 1156 1322 si
1185 1260 1473 1341 praecise
1504 1260 1983 1340 designandum
2030 1268 2200 1324 esset
2238 1261 2396 1341 quid
2426 1260 2717 1325 valerent
2756 1280 2819 1326 v,
2855 1259 2960 1342 τὴν

816 1367 1077 1451 ἡμετέραν
1107 1367 1399 1450 καύχησιν,
1432 1368 1780 1446 cogitarem
1810 1367 2020 1449 potius
2051 1368 2130 1430 de
2154 1368 2276 1432 hoc
2306 1369 2381 1430 in
2409 1388 2471 1431 v.
2503 1365 2582 1433 32
2618 1367 2902 1432 indicato
2938 1391 2953 1430 z

817 1477 1211 1558 ἐθηριομάχησα
1232 1480 1285 1536 ἐν
1318 1474 1552 1560 Ἐφέσῳ.
1586 1476 1796 1550 Quam
1828 1475 2425 1556 interpretationem
2451 1476 2647 1539 etiam
2674 1494 2735 1536 v.
2770 1473 2947 1538 3o-31

817 1584 1249 1663 postularent,
1284 1584 1399 1663 qui
1424 1583 1801 1662 significant
1823 1583 2184 1663 apostolum
2209 1583 2482 1665 Ephesi,
2517 1578 2631 1646 aut
2663 1591 2817 1647 tunc
2847 1592 2958 1647 aut

817 1690 1006 1770 paulo
1026 1699 1177 1754 ante
1201 1693 1616 1771 compositam
1641 1692 2005 1772 epistulam,
2031 1691 2104 1752 in
2131 1692 2304 1755 vitae
2326 1691 2714 1754 discrimine
2737 1708 2951 1754 versa-

820 1807 956 1859 tum
998 1799 1219 1861 fuisse.
1263 1831 1347 1845 —-
1396 1798 1959 1879 Supervacaneum
1999 1806 2094 1861 est
2134 1798 2603 1861 detractionem
2654 1817 2715 1860 v,
2759 1798 2812 1858 τί
2862 1798 2954 1858 καί

820 1905 991 1966 inter
1021 1904 1209 1987 (ὥρα)ν
1239 1915 1302 1968 et
1328 1907 1458 1985 κ(αο
1471 1903 1513 1987 ’)
1544 1904 1865 1986 explicare
1891 1905 1969 1987 (τι
1997 1929 2079 1960 =
2101 1929 2128 1964 ν
2154 1940 2230 1952 —-
2250 1930 2341 1966 και
2361 1933 2443 1958 =
2461 1929 2495 1966 κ
2520 1938 2598 1952 --
2631 1901 2948 1984 Vollqrafs}

818 2014 1006 2088 Bast,
1045 2014 1216 2094 etc).

1676 2228 1831 2307 XV,
1864 2229 2076 2293 33-34.

894 2447 1033 2518 Quo
1056 2445 1318 2506 viuculo
1345 2445 1412 2505 lii
1441 2464 1500 2505 v.
1529 2463 1677 2508 cum
1704 2446 2097 2527 praegressis
2119 2447 2631 2524 conjungantur,
2657 2445 2947 2507 animad-

815 2553 1081 2627 vertisse
1132 2570 1260 2614 non
1316 2553 1570 2614 videtur
1621 2551 1828 2615 Godet.
1884 2551 2127 2615 Paulus
2148 2600 2162 2628 ,
2221 2552 2420 2633 quid,
2472 2552 2944 2615 resurrectione

811 2668 1212 2721 mortuorum
1271 2661 1542 2721 omnino
1603 2676 1675 2721 ac
1731 2661 2071 2740 praecipue
2133 2659 2380 2723 Christi
2449 2677 2580 2723 non
2653 2668 2908 2741 accepta
2922 2661 2949 2737 ,'

723 2816 729 2820 .
811 2768 1160 2845 efficiatur,
1187 2767 1488 2833 ostendit.
1521 2792 1549 2823 τι
1583 2766 1657 2830 Si
1681 2767 1978 2831 Christus
2004 2785 2136 2831 non
2162 2769 2515 2831 resurrexit
2532 2768 2680 2832 acsi
2706 2768 2942 2831 mortui

808 2891 941 2937 non
971 2882 1350 2952 resurgunt,
1384 2874 1541 2955 quid
1570 2874 2052 2954 periclitamur?
2075 2875 2234 2956 quid
2257 2875 2726 2955 defatigemus?
2752 2875 2939 2937 Man-

806 2983 1118 3045 ducemus
1149 2991 1210 3045 et
1241 2982 1536 3044 bihamus
1565 3030 1579 3058 ,
1613 2980 2049 3062 voluptatibus
2094 2999 2209 3045 nos
2251 2981 2579 3045 tradamus
2620 2999 2694 3045 ac
2741 2981 2939 3045 laetos

805 3090 943 3152 dies
973 3107 1270 3168 agamuS,
1322 3088 1663 3151 utilitatem
1695 3096 1983 3151 nostram
2025 3106 2413 3171 quaeramus
2457 3088 2939 3171 commodisque

802 3199 1275 3261 inserviamus!
1319 3198 1669 3261 Peccemus
1708 3197 1945 3273 etiam,
2008 3197 2064 3259 si
2106 3196 2350 3278 placet!
2400 3197 2559 3280 quid
2608 3196 2852 3259 refert?
2901 3219 2934 3253 »

809 3304 1053 3367 Ultima
1079 3313 1299 3368 autem
1329 3304 1488 3366 haec
1516 3304 1679 3365 ratio
1699 3351 1713 3379 ,
1746 3321 1913 3383 quae
1946 3303 2150 3383 logice
2179 3323 2214 3367 e
2250 3304 2640 3386 praegressis
2670 3302 2934 3367 conclu-

803 3411 1081 3485 deretur,
1113 3411 1272 3473 adeo
1296 3411 1603 3472 immanis
1628 3419 1745 3487 est,
1775 3419 1845 3473 ut
1867 3409 2051 3472 illam
2084 3411 2324 3474 Paulus
2357 3428 2489 3474 non
2513 3409 2796 3488 colligat,
2824 3409 2935 3472 sed

800 3520 1010 3598 potius
1037 3518 1349 3581 exclamet
1375 3539 1391 3579 ε
1419 3518 1678 3601 ἐκνήψατε
1706 3518 1919 3585 δικαίως
1942 3517 2033 3579 καὶ
2061 3516 2136 3599 μὴ
2162 3517 2512 3601 ἁμαρτάνετε.
2553 3516 2935 3578 Existimare

800 3626 1042 3690 Paulus
1075 3643 1207 3689 uon
1256 3634 1459 3705 potest
1489 3644 1604 3688 sua
1649 3635 1875 3706 sponte
1909 3625 2204 3690 consulto
2248 3624 2619 3688 Corinthios
2660 3639 2735 3685 eo
2783 3639 2932 3702 pro-

796 3751 1067 3814 gressos,
1099 3742 1167 3796 ut
1195 3733 1348 3797 talia
1363 3736 1502 3814 jam
1525 3733 1742 3797 dicant
1770 3735 2161 3814 faciantque!
2197 3734 2373 3808 Quin
2397 3734 2619 3811 etiam,
2647 3750 2730 3794 ne
2761 3732 2929 3794 exis-

798 3843 1025 3904 timare
1061 3842 1325 3923 quidem
1369 3849 1572 3921 potest
1620 3840 1766 3905 illos
1802 3859 2095 3923 unquam
2126 3858 2200 3905 eo
2234 3840 2725 3921 progressuros!
2764 3838 2932 3902 Sunt

792 3950 926 4018 τινές
950 3950 1162 4027 m0d0‚
1195 3951 1310 4028 qui
1339 3947 1601 4029 ἀγνωσίαν
1628 3951 1774 4010 Θεοῦ
1803 3948 2034 4030 ἔχουσιν.
2058 3980 2140 3996 -—
2163 3940 2456 4011 Fortasse
2484 3949 2558 4010 in
2588 3947 2695 4010 his
2715 3945 2928 4010 verbis

795 4057 980 4137 quasi
1013 4055 1432 4120 comminatio
1465 4056 1619 4119 latet
1648 4055 1757 4137 (cf.
1793 4055 1969 4117 Phil.
2007 4056 2133 4133 ΙΙΙ,
2176 4056 2271 4133 18,
2304 4054 2422 4136 19).

873 4166 1177 4228 Ceterum
1206 4164 1375 4226 mira
1406 4164 1572 4226 mihi
1619 4162 1924 4225 videntur
1953 4163 2148 4226 verba
2181 4162 2441 4246 ἐκνήψατε
2475 4161 2714 4229 δικαίως.
2752 4161 2924 4223 Haec

791 4276 862 4337 in
891 4275 1154 4356 optimis
1183 4273 1511 4337 codicibus
1557 4271 1787 4335 tradita
1816 4272 2220 4335 sanabuntur
2243 4320 2258 4348 ,
2290 4289 2492 4335 unam
2536 4272 2591 4333 si
2621 4270 2924 4334 lacunam

789 4384 1011 4447 adesse
1070 4391 1308 4445 statues
1362 4397 1633 4461 eamque
1682 4379 1777 4442 sic
1835 4380 1972 4443 fere
2023 4379 2307 4461 explebis
2368 4401 2385 4443 z
2442 4380 2702 4467 ἐκνήψατε
2748 4378 2919 4452 <ml
