3559 5609
824 805 884 852 98
1781 804 1858 853 IX
1873 841 1886 863 ,
1923 804 2001 853 22.

824 922 1044 984 Altera
1075 921 1262 984 lectio
1283 930 1421 983 orta
1446 930 1540 982 est
1564 941 1597 981 e
1622 922 2002 984 confusione
2024 947 2065 982 π
2089 932 2150 984 et
2178 926 2232 996 λ,
2260 947 2301 982 π
2321 931 2383 984 et
2400 925 2489 1000 λλ,
2511 948 2552 983 π
2575 931 2638 985 et
2663 947 2695 982 τ
2712 922 2908 1003 (Βαει)
2935 947 2948 983 :

818 1034 1033 1097 πλιονας
1068 1029 1169 1089 vel
1197 1052 1379 1096 πιονας
1413 1029 1514 1089 vel
1543 1052 1716 1096 τιονας
1749 1031 1987 1090 sactum
2023 1038 2117 1091 est
2143 1054 2308 1097 τινας.

900 1137 1395 1199 Animadvertes
1424 1136 1542 1204 τοὺς
1571 1136 1816 1204 πλείονας
1845 1136 2048 1198 multo
2078 1137 2285 1215 magis
2316 1137 2727 1216 dispositioni
2761 1137 2952 1199 totius

816 1246 940 1307 loci
968 1246 1315 1308 convenire
1347 1262 1540 1323 quam
1570 1245 1735 1312 τινάς.
1777 1245 2104 1306 Decrescit
2134 1245 2600 1323 flaccescitque,
2633 1261 2786 1306 voce
2808 1244 2951 1311 τινάς

819 1360 1151 1432 usurpata,
1185 1353 1389 1414 oratio
1420 1372 1437 1413 ε
1480 1352 1650 1431 quod
1692 1360 2028 1414 contextus
2062 1370 2193 1416 non
2231 1353 2507 1431 patitur,
2545 1352 2713 1432 quod
2754 1353 2951 1414 etiam

816 1457 996 1520 nullo
1032 1458 1219 1521 modo
1261 1459 1402 1520 fieri
1437 1467 1668 1537 potest,
1710 1477 1863 1520 nam
1898 1459 2009 1520 hic
2047 1479 2111 1519 v,
2149 1459 2430 1521 breviter
2460 1479 2520 1521 v.
2560 1459 2740 1520 19-22
2772 1477 2949 1521 com-

814 1567 1132 1646 plectitur.
1164 1568 1240 1627 In
1272 1566 1418 1642 XV,
1449 1567 1483 1626 6
1512 1570 1561 1626 οἱ
1588 1567 1823 1635 πλείονες
1849 1575 1911 1628 et
1940 1566 2076 1635 τινές
2103 1576 2536 1647 opponuntur.
2579 1568 2756 1629 Num
2786 1569 2949 1629 exis-

817 1675 1041 1735 timare
1082 1682 1259 1753 potes
1290 1674 1646 1753 apostolum
1669 1724 1682 1749 ‚
1721 1674 1834 1753 qui
1883 1674 2006 1735 sibi
2052 1674 2404 1753 sumpserit
2443 1683 2512 1736 ut
2548 1673 2668 1742 τοὺς
2704 1675 2947 1741 πλείονας

813 1782 1021 1844 salvos
1051 1781 1307 1857 faceret,
1349 1782 1648 1860 deinceps
1677 1783 1831 1842 satis
1856 1781 2094 1843 habere
2119 1782 2263 1849 τινάς
2293 1780 2501 1843 salvos
2532 1782 2739 1843 facere
2758 1782 2787 1842 ⁴?

892 1890 1103 1962 Quam
1138 1888 1677 1965 significationem
1715 1889 1977 1950 vocibus
2013 1887 2134 1956 τοὺς
2178 1888 2421 1957 πλείονας
2457 1887 2734 1950 demus?
2773 1888 2945 1949 Illud

807 1998 939 2076 jam
993 1978 1400 2073 agitaverunt
1451 1994 1530 2055 de
1580 2015 1639 2055 V.
1693 1996 1786 2059 19.
1839 1996 1888 2056 Ε
1929 1997 2065 2075 jam
2118 1996 2457 2074 propositis
2507 1995 2945 2074 explicationi-

813 2104 932 2165 bus
963 2102 1144 2164 nulla
1187 2113 1280 2164 est
1322 2121 1485 2181 quae
1523 2092 1899 2182 accipienda
1932 2103 2100 2164 mibi
2134 2104 2449 2166 videatur.
2491 2103 2734 2166 Omnes
2769 2104 2943 2165 enim

814 2210 1092 2272 Paulum
1123 2229 1197 2271 ea
1232 2211 1468 2273 dixisse
1501 2211 1747 2287 volunt,
1787 2230 1951 2291 quae
1985 2229 2328 2291 nunquam
2360 2230 2582 2274 revera
2612 2211 2796 2273 dixit.
2830 2213 2943 2273 In-

813 2319 1175 2398 terpretatio
1226 2317 1415 2380 Godet
1458 2318 1799 2397 praecipue
1843 2318 2240 2398 spernenda3
2295 2328 2365 2381 ut
2400 2319 2656 2381 admitti
2702 2328 2938 2400 posset,

810 2434 1124 2506 oporteret
1155 2425 1519 2502 legeremus
1547 2424 1737 2492 αὐτοὺς
1766 2426 2034 2513 πλείονας.
2075 2427 2347 2488 Minime
2378 2426 2682 2507 explicat,
2716 2435 2789 2488 ut
2813 2426 2943 2505 glo-

810 2536 1034 2604 riatur,
1093 2531 1281 2594 Godet
1313 2533 1660 2594 articulum
1707 2552 1722 2593 τ
1772 2533 1906 2595 imo
1958 2543 2180 2596 contra
2235 2552 2385 2595 eum
2433 2533 2613 2595 dicit.
2660 2568 2740 2579 —
2773 2532 2938 2595 Con-

815 2649 1052 2703 textum
1095 2640 1464 2717 interroga,
1507 2646 1647 2701 tum
1690 2641 1929 2701 senties
1977 2639 2097 2708 τοὺς
2140 2641 2383 2708 πλείονας
2432 2647 2493 2701 et
2541 2641 2610 2701 in
2651 2660 2710 2702 v.
2761 2641 2832 2701 19
2866 2641 2937 2700 in

809 2767 934 2829 quo
964 2748 1130 2809 illud
1160 2748 1230 2808 T.
1266 2749 1345 2810 R.
1383 2746 1559 2824 legit,
1594 2755 1655 2808 et
1685 2747 1756 2807 in
1792 2767 1849 2807 v.
1885 2749 1959 2808 22
2006 2748 2113 2809 ubi
2153 2748 2320 2810 illud
2362 2749 2642 2823 restitui,
2677 2769 2735 2809 v,
2779 2758 2939 2809 πᾶσιν

807 2855 1211 2936 respondere.
1245 2856 1319 2915 ln
1352 2874 1407 2931 V.
1444 2854 1627 2915 20-22
1653 2864 1869 2916 autem
1909 2853 2192 2923 Ἰουδαίους
2223 2857 2565 2936 respondet
2588 2857 2801 2918 verbis
2831 2866 2940 2925 τοῖς

816 2963 1088 3031 Ἰουδαίοις
1108 3012 1122 3038 ,
1156 2965 1440 3040 itemque
1473 2973 1584 3030 τοῖς
1622 2963 1723 3022 ὑπὸ
1761 2961 1919 3041 νόμον
1950 2997 2031 3009 -
2070 2961 2189 3030 τοὺς
2217 2963 2319 3023 ὑπὸ
2347 2961 2506 3043 νόμον
2526 3012 2541 3038 ,
2573 2969 2682 3031 τοῖς
2723 2962 2938 3044 ἀνόμοις

804 3105 885 3119 -—
914 3069 1033 3138 τοὺς
1071 3069 1331 3149 ἀνόμους,
1370 3079 1480 3136 τοῖς
1523 3068 1788 3129 ἀσθενέσιν
1829 3103 1909 3116 -
1950 3069 2070 3137 τοὺς
2103 3074 2357 3137 ἀσθενεῖς.
2403 3071 2492 3132 Ex
2535 3071 2637 3132 his
2679 3080 2937 3152 apparet

800 3178 920 3245 τοὺς
962 3177 1204 3244 πλείονας
1243 3176 1349 3237 hic
1385 3177 1558 3238 idern
1597 3176 1808 3239 valere
1855 3195 1930 3238 ac
1965 3188 2160 3252 πᾶσιν,
2189 3187 2336 3254 aut,
2379 3186 2449 3239 ut
2481 3179 2563 3239 ad
2600 3180 2935 3240 veritatem

802 3283 1342 3348 accommodatius
1376 3284 1687 3360 dicamus,
1713 3285 1969 3346 easdem
1994 3302 2296 3365 personas
2335 3286 2698 3364 designare.
2737 3286 2932 3349 Com-

793 3380 1046 3471 paratio
1085 3412 1146 3451 v.
1192 3391 1249 3451 X
1274 3437 1287 3463 ‚
1325 3391 1400 3453 33
1446 3390 1615 3452 hanc
1648 3392 2037 3452 sententiam
2070 3392 2429 3454 confirmat.
2465 3392 2766 3454 Ceterum
2807 3392 2934 3454 alia

802 3498 1093 3578 exempla
1121 3498 1350 3559 afferre
1377 3515 1662 3577 possum,
1691 3498 1799 3559 ubi
1823 3499 2011 3557 πολλοί
2037 3507 2101 3559 et
2122 3499 2311 3566 πάντες
2334 3499 2521 3578 quasi
2549 3499 2742 3561 verba
2757 3499 2931 3560 idem

800 3587 1240 3684 significantia
1266 3605 1660 3666 adhibentur
1687 3603 1936 3684 (Rom,
1966 3605 2046 3679 V,
2088 3606 2182 3680 15,
2227 3605 2320 3669 19.
2353 3605 2450 3669 Cf.
2488 3607 2582 3682 12,
2623 3605 2743 3686 18).
2779 3606 2932 3667 Veri

798 3713 1078 3776 similius
1110 3720 1203 3774 est
1229 3712 1429 3790 igitur
1463 3712 1740 3774 Paulum
1774 3715 1841 3774 in
1884 3713 1984 3774 IX
2011 3762 2024 3789 ,
2078 3712 2147 3773 19
2192 3722 2253 3775 et
2298 3716 2371 3774 22
2410 3713 2530 3781 τοὺς
2570 3713 2813 3782 πλείονας
2843 3716 2930 3777 ita

796 3823 929 3884 fere
963 3819 1380 3882 intellexisse.
1416 3820 1494 3881 In
1542 3837 1617 3881 eo
1658 3820 2042 3881 commorari
2082 3837 2215 3882 non
2259 3820 2719 3897 contendebat,
2758 3822 2928 3901 quod

795 3945 1003 3991 omnes
1030 3926 1364 4001 homineS,
1404 3925 1584 3988 nullo
1619 3934 1912 4005 excepto,
1951 3924 2403 4001 lucrifaceret,
2441 3927 2607 3989 sicut
2636 3928 2777 3989 sine
2806 3927 2927 3988 du·-

792 4035 900 4096 bio
929 4034 1143 4096 dicere
1178 4031 1391 4094 noluit
1422 4051 1487 4094 se
1524 4032 1830 4095 omnibus
1857 4033 2101 4105 omnia,
2143 4033 2280 4094 sine
2316 4032 2500 4094 nulla
2530 4034 2922 4112 exceptione,

791 4141 937 4203 fieri
986 4165 998 4202 ε
1039 4140 1353 4219 superbus
1396 4156 1543 4200 cum
1595 4139 1926 4217 superbiS,
1968 4138 2131 4201 latro
2170 4157 2316 4201 cum
2353 4139 2713 4201 latronibus
2752 4149 2923 4202 etc...

792 4265 924 4309 non
967 4247 1179 4309 fiebat.
1214 4245 1575 4324 Augustius
1623 4244 1825 4321 igitur
1870 4245 2080 4323 potius
2124 4246 2365 4309 valeret
2398 4265 2458 4306 v.
2495 4246 2686 4312 πάντες
2728 4263 2923 4325 quam

792 4375 852 4419 v.
926 4355 1160 4422 πλείονες
1225 4355 1443 4416 latius,
1492 4350 1704 4444 'Paulo
1767 4350 2088 4413 subtiliter
2149 4370 2495 4415 numerum
2573 4352 2923 4432 quemdam
