3559 5609
1568 844 1712 906 xlv,
1748 844 1919 895 26-28.
2721 844 2809 894 135

681 956 853 1020 niret
878 959 1104 1021 dicens
1127 984 1140 1021 :
1164 960 1376 1043 ψαλμὸν
1400 959 1532 1043 ἔχω,
1565 944 1790 1043 διδαχὴιῖ
1813 960 1923 1043 ἔχω
1954 968 2124 1025 etc...
2158 969 2329 1024 etc...
2367 968 2560 1040 atque
2583 977 2808 1023 omnes

681 1065 876 1127 simul
905 1083 1040 1128 una
1066 1066 1247 1146 loqui
1274 1067 1654 1147 inciperent.
1693 1069 1891 1131 Recte
1922 1066 2112 1130 Godct
2144 1068 2428 1130 similem
2462 1086 2599 1130 esse
2630 1068 2808 1130 hunc

679 1194 738 1235 v.
769 1175 1108 1253 consignat
1135 1192 1302 1237 vers,
1336 1177 1393 1250 Ι,
1437 1176 1541 1252 12;
1581 1177 1714 1253 sed,
1746 1184 1815 1238 ut
1847 1176 1961 1238 illa
1991 1176 2357 1239 similitudo
2395 1177 2670 1260 perfecta
2698 1178 2801 1251 sit,

676 1282 925 1362 accipe,
974 1300 1247 1361 quaeso,
1308 1301 1518 1345 meam
1553 1284 2170 1364 interpretationem.
2212 1317 2293 1333 —
2321 1284 2585 1348 Constat
2613 1287 2807 1346 etiam

675 1390 951 1452 affinitas
991 1391 1163 1451 inter
1211 1392 1240 1452 Ι
1271 1440 1285 1468 ,
1324 1391 1423 1452 5-7
1472 1399 1533 1453 et
1574 1400 1871 1454 nostrum
1919 1411 1977 1454 v,
2021 1392 2146 1455 Sed
2185 1394 2253 1454 in
2306 1393 2375 1469 1,
2416 1393 2520 1454 5-·7
2555 1391 2804 1454 nullam

674 1498 913 1561 Paulus
943 1498 1224 1560 ironiam
1257 1498 1539 1561 adhibet.

751 1606 1072 1684 Ambigue
1108 1615 1169 1667 et
1197 1607 1467 1669 obscure
1497 1605 1683 1670 Godet
1712 1625 1771 1668 v.
1811 1607 1994 1668 27-28
2019 1607 2230 1683 vertit,
2265 1608 2560 1686 quamvis
2587 1615 2800 1671 tamen

668 1722 908 1794 partem
945 1714 1293 1792 quamdam
1337 1732 1524 1776 verae
1567 1715 2116 1792 interpretationis
2154 1716 2609 1795 introspexerit
2642 1735 2655 1776 ε
2693 1716 2803 1777 sed

666 1840 807 1884 eam
839 1822 1169 1884 immerito
1192 1824 1453 1902 sprevit.
1486 1822 1632 1885 Non
1667 1821 1806 1884 vult
1828 1840 1991 1884 vers,
2024 1824 2099 1884 28
2127 1831 2497 1884 convertere
2528 1843 2541 1884 :
2576 1847 2605 1879 α
2636 1824 2800 1883 Mais

660 1928 760 1991 s't’l
795 1930 953 1991 n’est
980 1945 1099 2009 pas
1143 1931 1493 2010 interprete
1528 1954 1585 2005 »‚
1629 1931 1784 2009 quia
1823 1954 1851 1985 ιι
1890 1947 1976 1993 on
2016 1948 2100 1992 ne
2130 1932 2369 1992 saurait
2404 1931 2639 2010 auquel
2689 1931 2799 1991 des

660 2037 823 2099 deux
856 2055 938 2100 ou
970 2036 1125 2099 trois
1161 2037 1533 2115 glossolales
1579 2038 1915 2100 devraient
1959 2038 2349 2117 s'appliquer
2382 2056 2485 2100 ces
2530 2047 2717 2100 mots.
2761 2063 2787 2094 ι

657 2145 894 2207 Contra
929 2162 994 2205 se
1041 2146 1257 2224 ipsum
1301 2145 1552 2207 locutus
1598 2155 1693 2206 est
1731 2144 1952 2217 Godat,
1994 2147 2105 2224 qui
2144 2147 2345 2226 σιγάτω
2393 2148 2580 2207 vertit
2634 2146 2800 2207 sicut

655 2271 715 2314 v.
751 2243 787 2332 ᾖ
816 2252 980 2312 verti
1016 2270 1142 2314 non
1178 2251 1334 2313 vult.
1366 2253 1527 2327 Quis
1559 2272 1592 2313 e
1623 2251 1874 2314 duobus
1907 2260 2019 2313 aut
2052 2254 2250 2314 tribus
2281 2253 2647 2330 glossolalis
2681 2270 2795 2331 pro

653 2361 936 2438 subjecto
969 2379 1029 2420 v.
1064 2360 1265 2440 σιγάτω
1296 2359 1633 2421 habendus
1667 2368 1801 2434 est,
1840 2359 2010 2439 quod
2043 2359 2233 2422 Godet
2270 2361 2465 2422 vertit
2513 2380 2526 2423 ε
2568 2383 2595 2414 α
2631 2360 2792 2439 qu'il

653 2486 720 2529 se
753 2469 907 2529 taise
947 2467 1028 2528 n?
1057 2500 1138 2514 —-
1186 2469 1356 2530 Haec
1405 2467 1649 2529 Paulus
1703 2468 1770 2528 in
1825 2469 2046 2531 animo
2089 2468 2364 2530 habebat
2399 2488 2413 2530 ι
2456 2492 2480 2525 ιι
2523 2468 2594 2530 Si
2644 2469 2791 2548 quis

651 2573 877 2652 lingua
909 2573 1192 2653 loquitur
1219 2573 1381 2656 (sint
1409 2575 1535 2637 duo
1567 2584 1680 2636 aut
1707 2575 1787 2635 ad
1820 2593 2149 2637 summurn
2181 2574 2361 2656 tres),
2397 2584 2459 2636 et
2483 2575 2788 2638 omnibus

649 2700 722 2742 ex
755 2681 1043 2760 partibus
1073 2662 1333 2743 et‘unus
1367 2683 1853 2760 interpretetur.
1896 2683 1963 2744 Si
2012 2690 2227 2743 autem
2266 2700 2397 2744 non
2444 2691 2538 2743 est
2579 2683 2785 2743 inter-

648 2807 791 2868 pres
823 2836 840 2864 ,
892 2797 1089 2851 taceat
1124 2795 1298 2853 etc...
1336 2814 1365 2845 »
1406 2791 1484 2851 In
1521 2790 1634 2852 illo
1683 2810 1741 2851 v,
1794 2791 1873 2858 τίς
1912 2800 2061 2851 ante
2108 2793 2258 2849 λαλεῖ
2304 2789 2392 2871 (v.
2440 2789 2539 2869 27)
2584 2792 2787 2869 posito

650 2897 964 2976 reperitur
1008 2898 1302 2960 omnium
1366 2898 1711 2960 verborum
1763 2884 1930 2977 subj'.
1985 2896 2445 2959 subdistinctio
2479 2897 2570 2977 (‚)
2614 2897 2785 2957 inter

643 3005 733 3065 καὶ
766 3003 866 3066 ἀνὰ
900 3004 1055 3086 μέρος
1086 3013 1147 3065 et
1172 3004 1263 3065 καὶ
1293 2998 1366 3072 εἷς
1411 3004 1838 3084 expungenda
1869 3012 2001 3079 est,
2044 3004 2296 3082 duoque
2341 3003 2452 3065 illa
2491 3004 2783 3064 membra

645 3130 808 3192 quae
839 3130 1057 3174 secum
1081 3111 1335 3191 duplice
1369 3132 1428 3172 V.
1459 3111 1553 3172 καί
1582 3110 1968 3188 colligantur
1997 3110 2078 3171 ad
2107 3111 2376 3172 verbum
2405 3110 2780 3193 διερμηνευέτω

644 3220 999 3281 referenda.
1053 3221 1128 3280 V.
1177 3218 1275 3280 ἀνὰ
1321 3219 1474 3303 μέρος
1523 3219 1698 3279 idem
1745 3226 1839 3279 est
1884 3236 2110 3279 sensus
2143 3227 2346 3297 vatque
2390 3219 2598 3279 verbis
2640 3217 2779 3278 κατὰ

644 3328 798 3412 μέρος
834 3327 903 3388 in
942 3327 1168 3401 Hebr.‚
1205 3327 1336 3402 IX,
1376 3331 1433 3387 5.
1471 3327 1657 3387 Pauli
1695 3326 1999 3387 mandata
2026 3326 2266 3406 optime
2296 3325 2773 3403 intelliguntur.

645 3438 733 3497 Ex
794 3453 937 3497 mea
994 3455 1052 3495 v,
1113 3436 1184 3495 26
1245 3434 1773 3513 interpretatione
1844 3435 2130 3495 cernitur
2189 3434 2585 3512 superfluum
2647 3451 2772 3495 non

647 3543 843 3604 fuisse
887 3540 1244 3619 glossolalis
1288 3543 1675 3621 praecipere,
1713 3559 1793 3601 ne
1822 3541 2037 3620 plures
2074 3541 2268 3601 simul
2304 3540 2723 3619 loquerentur
2759 3565 2770 3600 ι

644 3650 886 3711 similia
938 3649 1264 3728 prophetis
1315 3649 1841 3727 praescribuntur
1882 3649 1991 3725 (cf.
2041 3643 2115 3717 εἷς
2157 3668 2215 3711 v.
2264 3650 2337 3708 27
2382 3667 2527 3709 cum
2570 3659 2776 3730 πρῶτος

647 3778 722 3845 v„
758 3757 881 3835 30).
935 3757 1326 3818 Glossolalus
1385 3775 1640 3836 quoque
1677 3757 1904 3819 omnia
1957 3775 2118 3835 quae
2158 3757 2314 3817 dicit
2365 3756 2775 3834 interpretari

643 3865 863 3940 debet,
928 3883 1037 3943 per
1098 3873 1304 3943 partes
1354 3863 1479 3944 (ἀνὰ
1534 3863 1751 3947 μέρος);
1819 3882 2010 3936 nam,
2058 3873 2126 3925 ut
2193 3862 2432 3923 Paulus
2484 3864 2620 3940 ipse
2671 3882 2773 3924 os-

645 3973 849 4034 tendit
876 3971 1120 4053 (1-19),
1168 3970 1401 4033 inutile
1437 3954 1705 4033 omnino
1755 3980 1922 4032 esset
1962 3971 2147 4032 illum
2184 3972 2392 4032 dicere
2437 3988 2599 4050 quae
2640 3988 2769 4031 uon

642 4080 1191 4159 interpretaretur.

637 4324 687 4372 le
736 4323 847 4371 don
878 4321 944 4369 de
994 4321 1298 4384 prophetie.
1335 4337 1358 4366 »
1394 4320 1504 4369 Sed
1541 4335 1765 4370 sensum
1801 4321 2067 4369 orationis
2108 4321 2341 4383 apostoli
2385 4325 2576 4381 mutat,
2611 4322 2767 4383 cujus

639 4412 932 4461 consilium
963 4411 1403 4473 sententiamque
1439 4423 1727 4473 perperam
1756 4410 2048 4460 intellexit.
