3559 5609
1435 789 1554 851 XV,
1584 789 1756 841 29-31.
2577 789 2667 841 ¹⁴³

530 914 705 969 sunt.
737 906 983 968 Omnes
1010 913 1229 967 autem
1256 906 1371 986 qui
1403 906 1473 967 in
1509 905 1770 968 Christo
1814 912 1997 975 sunt,
2033 912 2145 966 aut
2182 906 2322 985 jam
2363 905 2664 986 baptizati

531 1022 645 1075 aut
672 1030 820 1075 mox
872 1013 1236 1093 baptizandi
1283 1019 1457 1075 sunt.
1500 1014 1849 1074 Asseverat
1889 1010 2080 1074 Godot
2110 1013 2337 1087 Rom„
2371 1012 2463 1074 VI
2510 1012 2661 1075 nul·

530 1118 672 1182 lum
701 1129 1107 1182 momentum
1138 1119 1376 1181 habere
1394 1168 1409 1193 ,
1441 1119 1681 1199 quippe
1710 1119 1882 1197 quod
1909 1119 1993 1180 ad
2021 1118 2422 1199 spiritualem
2454 1119 2664 1183 solum

528 1227 1069 1289 resurrectionem
1092 1226 1430 1289 referatur.
1470 1225 1596 1287 Sed
1631 1225 1887 1286 etiamsi
1924 1225 2114 1304 plane
2143 1243 2370 1288 verum
2410 1226 2535 1289 hoc
2565 1245 2662 1290 es-

531 1341 653 1410 set,
685 1332 1034 1412 corporalis
1061 1332 1556 1394 resurrectionis
1599 1331 1883 1394 conditio
1923 1340 2020 1394 est
2056 1332 2409 1413 spiritualis
2448 1352 2665 1397 resur-

530 1442 724 1503 rectio
742 1488 757 1518 ,
795 1448 860 1501 et
888 1442 1111 1520 utique
1139 1438 1497 1519 spiritualis
1523 1439 1822 1502 fidelium
1852 1441 2346 1504 resurrectionis
2383 1442 2665 1504 conditio

528 1564 851 1626 causaque
887 1555 982 1608 est
1021 1546 1371 1625 corporalis
1394 1546 1458 1607 J.
1502 1546 1574 1608 C.
1619 1547 2025 1609 resurrectio.
2056 1546 2237 1609 Tolle
2276 1547 2520 1610 Christi
2561 1566 2665 1610 re-

531 1654 994 1717 surrectionem
1028 1652 1455 1732 corporalem,
1504 1662 1764 1732 totaque
1804 1672 1941 1733 cap.
1988 1654 2203 1731 Rom„
2246 1655 2333 1717 VI
2377 1655 2666 1718 doctrina

529 1761 717 1824 cadit.
752 1761 921 1835 Quid
950 1761 1124 1822 inter
1154 1759 1547 1839 corporalem
1578 1761 1820 1822 Christi
1842 1763 2381 1824 resurrectionem
2413 1773 2476 1825 et
2508 1762 2665 1844 bap-

532 1869 721 1930 tisma
751 1866 992 1929 vinculi
1029 1875 1298 1941 constet,
1334 1867 1585 1946 liquido
1617 1866 1861 1929 indicat
1890 1866 2055 1946 Col.‚
2091 1868 2178 1942 II,
2220 1869 2289 1929 12
2327 1889 2341 1931 ε
2377 1869 2664 1954 συνταφέν-

526 1999 612 2043 τες
644 1978 789 2058 αὐτῷ
817 1978 871 2034 ἐν
897 1979 975 2057 τῷ
1014 1974 1380 2055 βαπτίσματι,
1410 1975 1464 2032 ἐν
1492 1966 1537 2058 ᾧ
1570 1974 1662 2035 καὶ
1698 1975 2040 2059 συνηγέρθητε
2067 1976 2153 2036 διὰ
2186 1983 2281 2052 τῆς
2308 1977 2538 2046 πίστεως
2570 1983 2664 2053 τῆς

531 2082 787 2166 ἐνεργείας
818 2094 915 2141 τοῦ
955 2084 1102 2143 Θεοῦ
1145 2088 1238 2141 τοῦ
1279 2083 1571 2165 ἐγείραντος
1612 2082 1769 2143 αὐτὸν
1811 2083 1874 2144 ἐκ
1913 2090 2126 2166 νεκρῶν.
2154 2118 2233 2130 -
2265 2084 2456 2148 Godet
2501 2085 2665 2148 mihi

527 2190 788 2270 objiciet
833 2191 1003 2271 quod
1050 2190 1202 2251 aliis
1255 2191 1595 2270 exprobrat
1634 2209 1649 2252 ε
1696 2214 1725 2247 α
1764 2190 1824 2253 le
1877 2200 2126 2255 terme:
2166 2211 2330 2256 ceux
2373 2197 2482 2275 qui
2528 2202 2670 2257 sont

528 2296 790 2378 baptises
818 2297 1090 2373 devrait‚
1122 2297 1287 2358 dans
1326 2315 1399 2359 ce
1427 2315 1554 2370 caS,
1596 2297 1729 2359 etre
1758 2298 2062 2377 applique
2091 2303 2128 2360 a
2157 2306 2298 2361 tous
2337 2299 2431 2362 les
2472 2301 2664 2363 chre-

526 2404 697 2466 tiens
725 2425 740 2480 ;
773 2421 848 2466 or
876 2403 936 2464 le
963 2406 1013 2464 ot
1036 2403 1273 2465 devant
1300 2403 1674 2485 βαπτιζόμενοι
1701 2403 1977 2483 indique
2002 2423 2131 2467 une
2156 2406 2357 2468 classe
2377 2407 2457 2469 de
2476 2407 2660 2470 chre-

528 2514 693 2574 tiens
729 2520 902 2573 toute
947 2511 1245 2590 speciale.
1286 2511 1556 2574 Comme
1607 2512 1669 2574 le
1711 2511 1808 2574 dit
1846 2513 1996 2574 hieu
2047 2512 2276 2575 Calvin
2323 2536 2337 2576 ε
2381 2514 2530 2577 Non
2585 2516 2663 2579 de

527 2618 829 2681 omnibus
847 2618 1137 2698 loquitur
1161 2636 1310 2680 oum
1333 2619 1500 2681 dixit
1527 2639 1541 2680 ε
1570 2620 1727 2699 quid
1758 2619 1998 2682 facient
2019 2620 2128 2700 qui
2153 2620 2606 2700 baptizantur?
2631 2645 2659 2678 »

526 2758 604 2770 —
635 2725 1014 2804 Respondeo
1031 2723 1288 2785 Calvini
1307 2725 1721 2787 enuntiatum
1753 2727 2164 2788 verissimum
2194 2744 2353 2791 esse.
2377 2727 2662 2801 Quinam

526 2839 740 2893 autem
777 2840 929 2893 sunt
956 2832 1028 2893 hi
1066 2850 1275 2893 omnes
1307 2832 1383 2892 de
1417 2832 1654 2912 quibus
1687 2833 1928 2895 Paulus
1972 2835 2239 2896 verbum
2285 2852 2415 2896 non
2464 2836 2662 2898 facit?

525 2956 660 3000 non
693 2946 846 3000 sunt
880 2939 1142 3018 quidem
1186 2942 1236 2998 oi
1273 2938 1601 3021 χριστιανοί,
1637 2948 1707 3001 ut
1735 2948 2070 3002 contextus
2101 2942 2400 3006 ostendit.
2438 2942 2526 3004 Ut
2562 2943 2662 3003 in·-

530 3044 777 3124 telligas
811 3046 926 3125 qui
956 3047 1087 3107 sint
1113 3045 1210 3107 illi
1241 3064 1450 3108 omnes
1480 3063 1759 3126 quorum
1792 3057 2037 3126 partem
2074 3048 2264 3110 modo
2293 3052 2342 3109 οἱ
2372 3053 2657 3130 βαπτιζομ.

528 3153 872 3229 effingunt,
926 3153 1087 3213 satis.
1126 3154 1210 3214 sit
1247 3171 1555 3233 quaerere
1599 3171 1726 3232 qua
1766 3155 2015 3216 ratione
2067 3155 2549 3235 interpretanda
2598 3175 2657 3217 v.

526 3269 734 3319 πᾶσαν
767 3257 933 3342 ἀρχὴν
960 3259 1049 3321 καὶ
1079 3272 1290 3320 πᾶσαν
1321 3260 1556 3331 ἐξουσίαν
1586 3261 1676 3321 καὶ
1710 3260 1925 3342 δύναμιν
1953 3260 2042 3342 (V.
2092 3264 2212 3340 24),
2250 3263 2497 3331 πάντας
2542 3262 2661 3331 τοὺς

525 3365 736 3449 ἐχθρούς
758 3365 848 3448 (v.
875 3368 999 3442 25),
1030 3367 1244 3427 πάντα
1276 3375 1387 3429 aut
1413 3367 1479 3427 τὰ
1511 3367 1720 3428 πάντα
1748 3368 1988 3449 (sexies
2016 3369 2085 3429 in
2120 3369 2349 3449 27-28),
2386 3374 2439 3430 ἐν
2467 3380 2661 3432 πᾶσιν

522 3473 613 3556 (ν.
648 3472 774 3554 28).
808 3475 888 3535 In
917 3474 1053 3535 illis
1081 3473 1325 3555 (πάντες)
1355 3476 1468 3554 qui
1502 3475 1573 3535 in
1605 3475 1819 3537 Adam
1849 3476 2221 3538 moriuntur
2242 3476 2332 3557 (v.
2364 3477 2490 3559 22),
2517 3478 2657 3539 scil.

525 3581 596 3642 in
619 3581 900 3644 omnibus
919 3583 1329 3659 hominibUS‚
1356 3583 1600 3645 Paulus
1631 3584 1747 3644 tria
1767 3601 2007 3662 genera
2027 3585 2303 3646 secernit
2326 3603 2340 3645 ε
2373 3584 2661 3647 1⁰Chris·

530 3697 663 3752 tum
691 3711 708 3768 ;
748 3694 807 3751 2⁰
840 3690 1270 3767 christianos;
1306 3691 1368 3753 3⁰
1402 3701 1642 3754 ceteros
1689 3692 2008 3753 homines.
2052 3694 2124 3752 ot
2156 3692 2528 3773 βαπτιζόμενοι
2560 3710 2659 3754 se-

522 3796 811 3860 cundum
839 3815 1046 3875 genus
1075 3798 1151 3879 (οἱ
1178 3805 1268 3858 τοῦ
1299 3789 1558 3882 Χριστὸῦ)
1588 3806 1763 3860 sunt.

604 3904 888 3966 Facilius
931 3904 1215 3966 adducar
1257 3919 1326 3967 ut
1369 3907 1731 3968 existimem
1771 3911 2143 3986 corruptum
2177 3906 2377 3969 fuisse
2412 3913 2655 3970 textum

522 4013 677 4094 quia
721 4030 833 4093 pro
863 4013 1133 4075 mortuis
1180 4013 1494 4092 baptisma
1525 4013 1638 4077 illo
1675 4022 1955 4092 tempore
1999 4014 2135 4092 jam
2171 4031 2290 4075 usu
2327 4022 2659 4095 receptum

526 4128 694 4196 erat,
727 4138 923 4201 quam
969 4127 1040 4181 ut
1081 4138 1230 4183 cum
1263 4119 1452 4182 Godet
1485 4121 1826 4202 conjiciam
1863 4139 1876 4183 :
1915 4144 1941 4177 «
1985 4118 2137 4182 c'est
2171 4128 2353 4183 notre
2393 4138 2658 4201 passage

523 4227 735 4290 meme
765 4229 897 4290 mal
931 4230 1207 4310 compris
1238 4230 1350 4309 qui
1379 4247 1537 4291 aura
1565 4231 1779 4293 donne
1816 4230 1948 4293 lieu
1982 4232 2020 4291 a
2051 4247 2157 4293 ces
2190 4229 2518 4310 pratiques
2546 4229 2657 4292 ab·

526 4336 774 4402 surdes.
792 4337 897 4400 »N
904 4353 1075 4400 onne
1092 4337 1322 4416 crediS‚
1344 4336 1597 4400 etiamsi
1623 4336 1868 4403 Paulus
1891 4337 1917 4398 1
1948 4335 2095 4402 Cor.
2117 4353 2248 4402 non
2277 4336 2656 4418 scripsisset,
