3559 5609
825 720 888 771 40
1784 718 1890 779 111,
1931 717 2005 768 13.

825 856 974 900 cum
1013 838 1238 899 ἑκάστου
1273 837 1336 896 τὸ
1376 836 1521 920 ἔργον
1563 836 1815 916 incipit.
1865 835 2031 897 Tum
2075 833 2395 914 intelliges
2438 853 2694 915 quoque
2738 852 2956 899 vocem

824 944 976 1021 αὐτό,
999 962 1162 1025 quae
1194 961 1324 1006 non
1357 943 1719 1018 ferendum,
1750 943 1820 1003 ni
1851 943 1938 1003 ita
1968 960 2037 1004 se
2067 961 2170 1003 res
2198 943 2485 1021 haberet,
2512 943 2956 1024 pleonasmum

824 1054 1122 1115 efficeret.
1158 1053 1451 1131 Denique
1487 1051 1777 1130 proxima
1813 1051 1983 1112 fiunt
2025 1051 2151 1112 duo
2184 1068 2391 1130 praes·⁸
2432 1052 2574 1113 ἐστιν
2618 1061 2681 1113 et
2721 1048 2954 1115 ἆποκαλ.

821 1166 1012 1239 atque
1055 1159 1123 1219 in
1172 1158 1394 1220 eodem
1446 1158 1736 1220 membro
1784 1155 2091 1235 leguntur
2140 1175 2361 1219 secum
2407 1160 2794 1239 conjuncta,
2829 1175 2959 1221 non

823 1263 1331 1344 unumquodque
1366 1281 1514 1326 cum
1549 1263 1766 1326 futuro
1799 1262 2199 1342 colligatum.
2236 1265 2414 1327 Inter
2447 1264 2752 1329 librarios
2782 1253 2961 1328 fuere

821 1373 933 1454 qui
972 1373 1329 1434 scriberent
1361 1389 1527 1451 quae
1562 1372 1631 1433 in
1664 1370 1869 1433 Gebh.
1914 1372 2196 1433 editione
2230 1370 2447 1450 legere
2482 1373 2749 1451 poteris,
2783 1373 2963 1434 fuere

822 1489 1035 1542 autem
1066 1480 1181 1560 qui
1213 1479 1567 1541 scriberent
1601 1500 1615 1540 τ
1649 1478 1830 1540 ὁποῖόν
1860 1481 2000 1539 ἐστιν
2029 1478 2163 1540 αὐτὸ
2190 1478 2252 1538 τὸ
2278 1478 2536 1562 πῦρ.8θά
2566 1488 2715 1542 ante
2741 1478 2804 1540 τὸ
2831 1489 2959 1562 πῦρ,

822 1587 952 1651 αὐτό
987 1589 1225 1650 factum
1276 1595 1371 1649 est
1402 1612 1470 1648 αυ
1503 1605 1517 1649 :
1555 1606 1718 1666 quae
1766 1586 2016 1668 syllaba
2052 1586 2440 1665 negligenda
2471 1589 2594 1650 fuit
2624 1589 2795 1649 inter
2824 1590 2964 1649 ἐστιν

823 1703 883 1759 et
910 1696 972 1756 τὸ
998 1702 1098 1779 πῦρ
1127 1694 1189 1777 (α
1221 1722 1298 1747 =
1330 1719 1397 1771 tv,
1429 1722 1464 1756 α
1493 1722 1571 1747 ·--·-
1603 1721 1642 1770 ι,
1674 1719 1701 1754 ν
1734 1722 1816 1748 -=
1842 1719 1895 1770 υ,
1927 1719 1958 1754 υ
1984 1722 2066 1748 ==
2092 1719 2145 1771 τ,
2181 1696 2375 1773 Bast).
2410 1695 2517 1758 Sic
2545 1704 2682 1758 orta
2713 1703 2806 1757 est
2834 1695 2963 1756 leo-

824 1802 911 1866 tio
943 1820 1138 1883 quam
1167 1803 1418 1866 codices
1450 1804 1601 1865 boni
1634 1803 1946 1883 probique
1977 1802 2256 1877 habent,
2289 1803 2657 1866 omittentes
2688 1800 2839 1886 0:656.

1686 2018 1824 2094 111,
1880 2018 2097 2082 14-15.

908 2233 1237 2312 Perspice,
1273 2251 1540 2313 quaeso,
1575 2235 1767 2296 verba
1820 2235 1980 2301 αὐτὸς
2025 2233 2079 2295 δὲ
2119 2234 2448 2310 σωθήσεται,
2486 2233 2652 2302 οὕτως
2686 2231 2740 2294 δὲ
2773 2238 2847 2301 ὡς
2881 2231 2967 2296 διὰ

823 2338 1014 2424 πυρός,
1056 2341 1205 2402 dein
1255 2342 1636 2420 positionem
1683 2342 2010 2421 imprimis
2056 2361 2118 2403 ν.
2163 2352 2312 2420 μενεῖ
2348 2343 2518 2403 inter
2555 2342 2617 2401 τὸ
2655 2340 2799 2422 ἔργον
2838 2349 2900 2401 et
2938 2338 2967 2399 ὃ

825 2451 1058 2508 ἐποικοδ.
1094 2431 1255 2513 inv,
1299 2449 1369 2509 14
1407 2448 1727 2529 illumque
1774 2470 1834 2511 v.
1874 2468 2020 2512 cum
2057 2468 2118 2510 v,
2160 2449 2231 2510 15
2264 2449 2507 2511 confer.
2545 2449 2778 2509 Nonne
2827 2466 2964 2509 sus-

826 2556 1057 2635 picaris
1086 2557 1635 2635 perturbationem
1667 2557 1958 2637 aliquam
1987 2558 2056 2618 in
2094 2564 2335 2619 textum
2365 2557 2747 2637 irrepsisse?

909 2662 1224 2742 Equidem
1258 2663 1327 2724 in
1359 2682 1420 2725 V.
1459 2664 1531 2724 14
1564 2664 2082 2743 interpunxerim
2126 2682 2139 2725 :
2189 2664 2238 2726 εἴ
2279 2688 2416 2732 τινος
2448 2664 2511 2724 τὸ
2553 2664 2699 2747 ἔργον
2732 2673 2907 2744 μενεῖ,
2940 2662 2968 2722 ὃ

824 2769 1233 2850 ἐποικοδόμησεν
1263 2771 1445 2851 μισθὸν
1474 2772 1742 2855 λήμψεται
1777 2797 1789 2832 :
1820 2796 1847 2830 α
1880 2772 2240 2834 mercede-n]
2276 2773 2447 2853 quod
2482 2770 2967 2851 superaedifica—

825 2877 990 2939 verit
1022 2878 1312 2958 accipiet.
1368 2902 1395 2936 »
1442 2879 1565 2941 Illa
1603 2880 2049 2959 interpretatio
2090 2898 2239 2942 cum
2271 2880 2406 2954 IX,
2448 2879 2628 2940 17-22
2662 2885 2721 2939 et
2759 2879 2859 2956 X,
2892 2877 2966 2941 33

825 2987 1150 3048 convenit.
1185 2988 1381 3050 Recte
1411 2989 1706 3050 observat
1738 2988 1817 3050 de
1851 2996 2067 3051 nostro
2099 3008 2158 3049 v.
2196 2988 2386 3051 Godet
2414 3011 2429 3047 :
2465 3011 2490 3045 (ι
2529 2986 2589 3048 le
2620 2986 2852 3048 salaire
2886 3003 2969 3047 ne

824 3101 976 3171 peut
1006 3092 1137 3155 etre
1168 3093 1228 3155 le
1261 3093 1470 3169 salut;
1508 3111 1615 3156 car
1656 3094 1961 3156 l’ouvrier
1995 3093 2186 3155 fidele
2224 3093 2376 3155 etait
2411 3093 2556 3173 deja
2597 3111 2673 3153 en
2726 3111 2968 3172 posses-

826 3198 965 3260 sion
992 3198 1069 3261 de
1100 3218 1170 3261 ce
1201 3201 1352 3263 bien
1388 3201 1686 3279 supreme
1715 3201 1936 3281 quand
1966 3200 2014 3261 il
2053 3200 2418 3287 travaillait.
2448 3225 2475 3256 >³
2504 3200 2743 3262 Multas
2772 3200 2970 3279 hujus

828 3306 1139 3366 mercedis
1172 3315 1381 3386 partes
1410 3306 1782 3386 distinguit,
1820 3308 1991 3367 inter
2032 3325 2194 3387 quas
2242 3307 2485 3368 indicat
2517 3331 2545 3362 <c
2578 3307 2637 3368 le
2677 3306 2972 3368 bonheur

826 3410 905 3471 de
938 3412 1074 3473 voir
1107 3411 1398 3474 revetues
1430 3412 1507 3474 de
1542 3412 1746 3491 gloire
1775 3412 1872 3473 les
1903 3415 2080 3475 ames
2113 3417 2316 3493 qu’un
2350 3413 2541 3474 fidele
2573 3413 2905 3474 ministere
2934 3432 2971 3476 a

827 3518 1160 3579 contribue
1190 3522 1227 3579 a
1257 3520 1606 3580 sanctifier.
1641 3542 1668 3575 »
1695 3521 1810 3581 Me
1848 3529 2126 3595 auctore,
2162 3520 2341 3581 illam
2373 3520 2737 3581 felicitatem
2770 3519 2968 3581 solam

827 3640 974 3685 cum
1010 3625 1152 3700 hic,
1190 3633 1324 3686 tum
1371 3627 1440 3687 in
1487 3627 1623 3705 jam
1667 3627 1880 3689 citatis
1914 3646 1977 3690 v,
2032 3627 2163 3703 IX,
2204 3628 2423 3702 17-223
2458 3627 2553 3703 X,
2606 3626 2680 3689 33
2730 3626 2971 3689 Paulus

827 3739 1087 3808 spectat.

906 3839 982 3898 In
1047 3859 1105 3900 v.
1169 3841 1237 3900 15
1293 3840 1573 3902 Paulum
1629 3842 1881 3904 dedisse
1941 3842 2187 3923 conjeci
2251 3863 2264 3905 :
2323 3843 2372 3903 εἴ
2416 3875 2497 3889 -
2542 3843 2968 3917 κατακαήσεται,

824 3945 1216 4024 ζημιωθήσεται
1264 3946 1470 4033 οὕτως,Α
1496 3949 1790 4030 σῳθήσεται
1824 3950 1982 4018 αὐτὸς
2019 3948 2075 4010 δὲ
2109 3955 2181 4018 ὡς
2215 3949 2301 4010 διὰ
2339 3949 2522 4033 πυρός.
2561 3950 2777 4011 Mirati
2822 3959 2974 4010 sunt

824 4052 1070 4113 scribae
1120 4053 1176 4114 δέ
1225 4054 1415 4116 talem
1461 4065 1692 4118 tenere
1751 4057 1964 4119 locum
2014 4076 2028 4117 ι
2074 4057 2242 4136 quod
2294 4058 2348 4118 si
2405 4075 2590 4131 raro,
2639 4057 2968 4118 interdum

825 4164 1038 4218 tamen
1088 4160 1230 4221 fieri
1274 4169 1499 4240 potest.
1536 4164 1739 4224 Affert
1789 4164 1964 4224 enim
2001 4163 2239 4225 Grimm
2284 4163 2574 4244 exempla
2624 4164 2692 4224 in
2737 4162 2973 4242 quibus

821 4264 877 4324 δέ
915 4267 1208 4343 tertium,
1250 4268 1348 4329 vel
1388 4272 1545 4332 adeo
1591 4278 1895 4353 quartum
1939 4271 1981 4331 1.
2026 4278 2216 4338 tenet.
2257 4273 2515 4333 Addere
2554 4272 2865 4359 potuisset
2919 4271 2962 4334 1.
