<?xml version="1.0" encoding="UTF-8"?>
<!DOCTYPE html PUBLIC "-//W3C//DTD XHTML 1.0 Transitional//EN"
    "http://www.w3.org/TR/xhtml1/DTD/xhtml1-transitional.dtd">
<html xmlns="http://www.w3.org/1999/xhtml" xml:lang="en" lang="en">
 <head>
  <title>
</title>
<meta http-equiv="Content-Type" content="text/html;charset=utf-8" />
  <meta name='ocr-system' content='tesseract 3.04.00' />
  <meta name='ocr-capabilities' content='ocr_page ocr_carea ocr_par ocr_line ocrx_word'/>
</head>
<body>
  <div class='ocr_page' id='page_1' title='image "./depriorepauliad00boisgoog_0056.png"; bbox 0 0 3559 5609; ppageno 0'>
   <div class='ocr_carea' id='block_1_1' title="bbox 778 841 1986 945">
    <p class='ocr_par' dir='ltr' id='par_1_1' title="bbox 778 841 1986 945">
     <span class='ocr_line' id='line_1_1' title="bbox 778 841 1986 945; baseline 0 -10"><span class='ocrx_word' id='word_1_1' title='bbox 778 885 840 935; x_wconf 69' lang='lat' dir='ltr'><strong>is</strong></span> <span class='ocrx_word' id='word_1_2' title='bbox 898 841 903 850; x_wconf 40' lang='lat'>⁸</span> <span class='ocrx_word' id='word_1_3' title='bbox 1742 882 1811 945; x_wconf 88' lang='lat' dir='ltr'><strong>v,</strong></span> <span class='ocrx_word' id='word_1_4' title='bbox 1848 853 1986 936; x_wconf 64' lang='grc' dir='ltr'><strong>3-4.θ</strong></span> 
     </span>
    </p>
   </div>
   <div class='ocr_carea' id='block_1_2' title="bbox 1716 1106 1982 1185">
    <p class='ocr_par' dir='ltr' id='par_1_2' title="bbox 1716 1106 1982 1185">
     <span class='ocr_line' id='line_1_2' title="bbox 1716 1106 1982 1185; baseline 0.004 -15"><span class='ocrx_word' id='word_1_5' title='bbox 1716 1108 1769 1170; x_wconf 95' lang='lat' dir='ltr'>V</span> <span class='ocrx_word' id='word_1_6' title='bbox 1791 1116 1806 1185; x_wconf 74' lang='lat'><strong>&#39;‚</strong></span> <span class='ocrx_word' id='word_1_7' title='bbox 1842 1106 1982 1171; x_wconf 83' lang='lat'><strong>3-4.</strong></span> 
     </span>
    </p>
   </div>
   <div class='ocr_carea' id='block_1_3' title="bbox 777 1294 2922 2133">
    <p class='ocr_par' dir='ltr' id='par_1_3' title="bbox 777 1294 2922 2133">
     <span class='ocr_line' id='line_1_3' title="bbox 863 1294 2919 1376; baseline 0 -16"><span class='ocrx_word' id='word_1_8' title='bbox 863 1299 1157 1371; x_wconf 82' lang='lat' dir='ltr'><strong>Frustra,</strong></span> <span class='ocrx_word' id='word_1_9' title='bbox 1220 1303 1291 1359; x_wconf 87' lang='lat' dir='ltr'><strong>ut</strong></span> <span class='ocrx_word' id='word_1_10' title='bbox 1333 1296 1597 1376; x_wconf 85' lang='lat' dir='ltr'>opinor,</span> <span class='ocrx_word' id='word_1_11' title='bbox 1653 1294 1845 1360; x_wconf 81' lang='lat' dir='ltr'><strong>Godet</strong></span> <span class='ocrx_word' id='word_1_12' title='bbox 1896 1303 2165 1359; x_wconf 90' lang='lat' dir='ltr'><strong>conatus</strong></span> <span class='ocrx_word' id='word_1_13' title='bbox 2221 1306 2320 1359; x_wconf 87' lang='lat' dir='ltr'><strong>est</strong></span> <span class='ocrx_word' id='word_1_14' title='bbox 2366 1298 2691 1360; x_wconf 78' lang='lat' dir='ltr'><strong>subtiliter</strong></span> <span class='ocrx_word' id='word_1_15' title='bbox 2752 1297 2919 1366; x_wconf 72' lang='grc' dir='ltr'><strong>οὕτως</strong></span> 
     </span>
     <span class='ocr_line' id='line_1_4' title="bbox 777 1405 2912 1487; baseline 0 -19"><span class='ocrx_word' id='word_1_16' title='bbox 777 1417 935 1487; x_wconf 63' lang='lat' dir='ltr'><strong>voute</strong></span> <span class='ocrx_word' id='word_1_17' title='bbox 964 1405 1325 1468; x_wconf 88' lang='lat' dir='ltr'><strong>enucleare.</strong></span> <span class='ocrx_word' id='word_1_18' title='bbox 1361 1405 1640 1484; x_wconf 87' lang='lat' dir='ltr'><strong>Reputa,</strong></span> <span class='ocrx_word' id='word_1_19' title='bbox 1677 1405 1883 1478; x_wconf 89' lang='lat' dir='ltr'><strong>sodes,</strong></span> <span class='ocrx_word' id='word_1_20' title='bbox 1920 1422 2115 1484; x_wconf 90' lang='lat' dir='ltr'><strong>quam</strong></span> <span class='ocrx_word' id='word_1_21' title='bbox 2147 1422 2341 1467; x_wconf 90' lang='lat' dir='ltr'><strong>sensu</strong></span> <span class='ocrx_word' id='word_1_22' title='bbox 2376 1422 2603 1468; x_wconf 90' lang='lat' dir='ltr'><strong>carens</strong></span> <span class='ocrx_word' id='word_1_23' title='bbox 2632 1406 2700 1468; x_wconf 91' lang='lat' dir='ltr'><strong>h.</strong></span> <span class='ocrx_word' id='word_1_24' title='bbox 2735 1406 2781 1469; x_wconf 90' lang='lat'><strong>1.</strong></span> <span class='ocrx_word' id='word_1_25' title='bbox 2814 1406 2912 1469; x_wconf 83' lang='lat' dir='ltr'><strong>fo-</strong></span> 
     </span>
     <span class='ocr_line' id='line_1_5' title="bbox 779 1512 2919 1595; baseline 0 -19"><span class='ocrx_word' id='word_1_26' title='bbox 779 1523 913 1590; x_wconf 85' lang='lat' dir='ltr'><strong>ret,</strong></span> <span class='ocrx_word' id='word_1_27' title='bbox 949 1513 1220 1577; x_wconf 88' lang='lat' dir='ltr'><strong>servatis</strong></span> <span class='ocrx_word' id='word_1_28' title='bbox 1263 1512 1393 1574; x_wconf 89' lang='lat' dir='ltr'><strong>illis</strong></span> <span class='ocrx_word' id='word_1_29' title='bbox 1436 1512 1650 1575; x_wconf 84' lang='lat' dir='ltr'><strong>verbis</strong></span> <span class='ocrx_word' id='word_1_30' title='bbox 1702 1521 1815 1574; x_wconf 92' lang='lat' dir='ltr'><strong>aut</strong></span> <span class='ocrx_word' id='word_1_31' title='bbox 1856 1512 2083 1575; x_wconf 87' lang='lat' dir='ltr'><strong>saltem</strong></span> <span class='ocrx_word' id='word_1_32' title='bbox 2132 1531 2356 1577; x_wconf 84' lang='lat' dir='ltr'><strong>eorum</strong></span> <span class='ocrx_word' id='word_1_33' title='bbox 2405 1514 2633 1577; x_wconf 90' lang='lat' dir='ltr'><strong>ordine</strong></span> <span class='ocrx_word' id='word_1_34' title='bbox 2660 1563 2675 1591; x_wconf 85' lang='lat'>‚</span> <span class='ocrx_word' id='word_1_35' title='bbox 2727 1520 2919 1595; x_wconf 84' lang='lat' dir='ltr'><strong>atque</strong></span> 
     </span>
     <span class='ocr_line' id='line_1_6' title="bbox 777 1621 2919 1705; baseline -0 -20"><span class='ocrx_word' id='word_1_36' title='bbox 777 1624 1222 1685; x_wconf 86' lang='lat' dir='ltr'><strong>animadverte</strong></span> <span class='ocrx_word' id='word_1_37' title='bbox 1253 1622 1492 1683; x_wconf 90' lang='lat' dir='ltr'><strong>iterum</strong></span> <span class='ocrx_word' id='word_1_38' title='bbox 1523 1623 1664 1682; x_wconf 90' lang='lat' dir='ltr'><strong>sine</strong></span> <span class='ocrx_word' id='word_1_39' title='bbox 1695 1638 1886 1683; x_wconf 89' lang='lat' dir='ltr'><strong>causa</strong></span> <span class='ocrx_word' id='word_1_40' title='bbox 1910 1621 2153 1683; x_wconf 90' lang='lat' dir='ltr'><strong>dictum</strong></span> <span class='ocrx_word' id='word_1_41' title='bbox 2182 1639 2320 1684; x_wconf 85' lang='lat' dir='ltr'><strong>esse</strong></span> <span class='ocrx_word' id='word_1_42' title='bbox 2345 1624 2530 1705; x_wconf 81' lang='grc' dir='ltr'>παρών</span> <span class='ocrx_word' id='word_1_43' title='bbox 2559 1632 2621 1684; x_wconf 91' lang='lat' dir='ltr'><strong>et</strong></span> <span class='ocrx_word' id='word_1_44' title='bbox 2653 1623 2723 1684; x_wconf 91' lang='lat' dir='ltr'><strong>in</strong></span> <span class='ocrx_word' id='word_1_45' title='bbox 2755 1639 2919 1686; x_wconf 89' lang='lat' dir='ltr'><strong>non-</strong></span> 
     </span>
     <span class='ocr_line' id='line_1_7' title="bbox 781 1726 2914 1811; baseline 0 -20"><span class='ocrx_word' id='word_1_46' title='bbox 781 1729 983 1792; x_wconf 85' lang='lat' dir='ltr'>nullis</span> <span class='ocrx_word' id='word_1_47' title='bbox 1030 1728 1169 1792; x_wconf 86' lang='lat' dir='ltr'><strong>cod.</strong></span> <span class='ocrx_word' id='word_1_48' title='bbox 1211 1728 1301 1811; x_wconf 85' lang='lat' dir='ltr'><strong>(E</strong></span> <span class='ocrx_word' id='word_1_49' title='bbox 1342 1729 1390 1790; x_wconf 89' lang='lat' dir='ltr'>F</span> <span class='ocrx_word' id='word_1_50' title='bbox 1434 1728 1491 1790; x_wconf 82' lang='lat' dir='ltr'><strong>G</strong></span> <span class='ocrx_word' id='word_1_51' title='bbox 1534 1727 1619 1808; x_wconf 91' lang='lat' dir='ltr'><strong>L)</strong></span> <span class='ocrx_word' id='word_1_52' title='bbox 1656 1733 1728 1796; x_wconf 80' lang='grc' dir='ltr'><strong>ὡς</strong></span> <span class='ocrx_word' id='word_1_53' title='bbox 1762 1737 1913 1790; x_wconf 87' lang='lat' dir='ltr'><strong>ante</strong></span> <span class='ocrx_word' id='word_1_54' title='bbox 1962 1726 2115 1789; x_wconf 80' lang='grc' dir='ltr'>ἀπών</span> <span class='ocrx_word' id='word_1_55' title='bbox 2162 1728 2314 1807; x_wconf 88' lang='lat' dir='ltr'><strong>legi.</strong></span> <span class='ocrx_word' id='word_1_56' title='bbox 2366 1730 2648 1792; x_wconf 83' lang='lat' dir='ltr'><strong>Accedes</strong></span> <span class='ocrx_word' id='word_1_57' title='bbox 2694 1731 2914 1808; x_wconf 86' lang='lat' dir='ltr'><strong>igitur,</strong></span> 
     </span>
     <span class='ocr_line' id='line_1_8' title="bbox 781 1833 2922 1923; baseline 0 -24"><span class='ocrx_word' id='word_1_58' title='bbox 781 1847 931 1918; x_wconf 82' lang='lat' dir='ltr'><strong>puto</strong></span> <span class='ocrx_word' id='word_1_59' title='bbox 953 1884 971 1914; x_wconf 90' lang='lat'><strong><em>,</em></strong></span> <span class='ocrx_word' id='word_1_60' title='bbox 1019 1837 1182 1898; x_wconf 84' lang='lat' dir='ltr'><strong>mihi</strong></span> <span class='ocrx_word' id='word_1_61' title='bbox 1221 1837 1560 1915; x_wconf 81' lang='lat' dir='ltr'><strong>reponenti</strong></span> <span class='ocrx_word' id='word_1_62' title='bbox 1592 1856 1608 1897; x_wconf 76' lang='lat' dir='ltr'><strong>t</strong></span> <span class='ocrx_word' id='word_1_63' title='bbox 1645 1834 1751 1917; x_wconf 84' lang='grc' dir='ltr'><strong>ἐγὼ</strong></span> <span class='ocrx_word' id='word_1_64' title='bbox 1792 1833 1888 1915; x_wconf 82' lang='grc' dir='ltr'><strong>μὲν</strong></span> <span class='ocrx_word' id='word_1_65' title='bbox 1921 1835 2021 1918; x_wconf 82' lang='grc' dir='ltr'><strong>γὰρ</strong></span> <span class='ocrx_word' id='word_1_66' title='bbox 2053 1841 2126 1904; x_wconf 81' lang='grc' dir='ltr'><strong>ὣς</strong></span> <span class='ocrx_word' id='word_1_67' title='bbox 2166 1835 2316 1897; x_wconf 79' lang='grc' dir='ltr'>ἀπὼν</span> <span class='ocrx_word' id='word_1_68' title='bbox 2342 1842 2420 1920; x_wconf 77' lang='grc' dir='ltr'><strong>τῷ</strong></span> <span class='ocrx_word' id='word_1_69' title='bbox 2457 1840 2706 1918; x_wconf 81' lang='grc' dir='ltr'><strong>σώματι,</strong></span> <span class='ocrx_word' id='word_1_70' title='bbox 2739 1837 2922 1923; x_wconf 81' lang='grc' dir='ltr'>παρὼν</span> 
     </span>
     <span class='ocr_line' id='line_1_9' title="bbox 780 1942 2915 2029; baseline -0 -22"><span class='ocrx_word' id='word_1_71' title='bbox 780 1944 834 2007; x_wconf 64' lang='grc' dir='ltr'><strong>δὲ</strong></span> <span class='ocrx_word' id='word_1_72' title='bbox 866 1950 944 2029; x_wconf 78' lang='grc' dir='ltr'><strong>τῷ</strong></span> <span class='ocrx_word' id='word_1_73' title='bbox 970 1944 1258 2025; x_wconf 81' lang='grc' dir='ltr'>πνεύματι,</span> <span class='ocrx_word' id='word_1_74' title='bbox 1294 1944 1396 2018; x_wconf 85' lang='grc' dir='ltr'><strong>ἤδη</strong></span> <span class='ocrx_word' id='word_1_75' title='bbox 1427 1942 1643 2026; x_wconf 78' lang='grc' dir='ltr'>κέκρικα</span> <span class='ocrx_word' id='word_1_76' title='bbox 1685 1942 1852 2012; x_wconf 82' lang='grc' dir='ltr'>οὕτως</span> <span class='ocrx_word' id='word_1_77' title='bbox 1889 1943 1980 2003; x_wconf 83' lang='grc' dir='ltr'><strong>τὸν</strong></span> <span class='ocrx_word' id='word_1_78' title='bbox 2016 1950 2170 2004; x_wconf 76' lang='grc' dir='ltr'>τοῦτο</span> <span class='ocrx_word' id='word_1_79' title='bbox 2198 1968 2413 2028; x_wconf 85' lang='grc' dir='ltr'>κατεργ.</span> <span class='ocrx_word' id='word_1_80' title='bbox 2445 1948 2566 2007; x_wconf 85' lang='grc' dir='ltr'>κτλ.</span> <span class='ocrx_word' id='word_1_81' title='bbox 2611 1946 2915 2008; x_wconf 80' lang='lat' dir='ltr'><strong>Errorum</strong></span> 
     </span>
     <span class='ocr_line' id='line_1_10' title="bbox 779 2046 2917 2133; baseline -0.002 -15"><span class='ocrx_word' id='word_1_82' title='bbox 779 2072 972 2118; x_wconf 87' lang='lat' dir='ltr'><strong>causa</strong></span> <span class='ocrx_word' id='word_1_83' title='bbox 1017 2054 1088 2114; x_wconf 93' lang='lat' dir='ltr'><strong>in</strong></span> <span class='ocrx_word' id='word_1_84' title='bbox 1132 2053 1346 2133; x_wconf 87' lang='lat' dir='ltr'><strong>aprico</strong></span> <span class='ocrx_word' id='word_1_85' title='bbox 1393 2060 1507 2113; x_wconf 90' lang='lat' dir='ltr'><strong>est.</strong></span> <span class='ocrx_word' id='word_1_86' title='bbox 1560 2051 1894 2113; x_wconf 84' lang='lat' dir='ltr'><strong>Nimirum</strong></span> <span class='ocrx_word' id='word_1_87' title='bbox 1929 2055 2002 2119; x_wconf 81' lang='grc' dir='ltr'><strong>ὡς</strong></span> <span class='ocrx_word' id='word_1_88' title='bbox 2033 2046 2300 2133; x_wconf 68' lang='grc' dir='ltr'>εῑπαρών</span> <span class='ocrx_word' id='word_1_89' title='bbox 2335 2051 2574 2115; x_wconf 86' lang='lat' dir='ltr'><strong>omissa</strong></span> <span class='ocrx_word' id='word_1_90' title='bbox 2617 2051 2917 2131; x_wconf 88' lang='lat' dir='ltr'><strong>primitus</strong></span> 
     </span>
    </p>
   </div>
   <div class='ocr_carea' id='block_1_4' title="bbox 782 2147 2993 2238">
    <p class='ocr_par' dir='ltr' id='par_1_4' title="bbox 782 2147 2993 2238">
     <span class='ocr_line' id='line_1_11' title="bbox 782 2147 2993 2238; baseline -0.003 -13"><span class='ocrx_word' id='word_1_91' title='bbox 782 2170 845 2225; x_wconf 89' lang='lat' dir='ltr'><strong>et</strong></span> <span class='ocrx_word' id='word_1_92' title='bbox 877 2160 1111 2223; x_wconf 89' lang='lat' dir='ltr'><strong>deinde</strong></span> <span class='ocrx_word' id='word_1_93' title='bbox 1141 2159 1213 2220; x_wconf 90' lang='lat' dir='ltr'><strong>iu</strong></span> <span class='ocrx_word' id='word_1_94' title='bbox 1258 2159 1553 2237; x_wconf 81' lang='lat' dir='ltr'><strong>margine</strong></span> <span class='ocrx_word' id='word_1_95' title='bbox 1590 2157 1908 2238; x_wconf 88' lang='lat' dir='ltr'><strong>adposita,</strong></span> <span class='ocrx_word' id='word_1_96' title='bbox 1942 2159 2112 2220; x_wconf 88' lang='lat' dir='ltr'><strong>male</strong></span> <span class='ocrx_word' id='word_1_97' title='bbox 2158 2159 2229 2219; x_wconf 88' lang='lat' dir='ltr'><strong>iu</strong></span> <span class='ocrx_word' id='word_1_98' title='bbox 2273 2147 2615 2221; x_wconf 87' lang='lat' dir='ltr'><strong>verborum</strong></span> <span class='ocrx_word' id='word_1_99' title='bbox 2651 2167 2913 2221; x_wconf 83' lang='lat' dir='ltr'><strong>contex-</strong></span> <span class='ocrx_word' id='word_1_100' title='bbox 2985 2211 2993 2219; x_wconf 93' lang='lat'><em>.</em></span> 
     </span>
    </p>
   </div>
   <div class='ocr_carea' id='block_1_5' title="bbox 783 2263 2923 2564">
    <p class='ocr_par' dir='ltr' id='par_1_5' title="bbox 783 2263 2923 2564">
     <span class='ocr_line' id='line_1_12' title="bbox 787 2263 2923 2354; baseline -0.002 -23"><span class='ocrx_word' id='word_1_101' title='bbox 787 2276 923 2331; x_wconf 88' lang='lat' dir='ltr'><strong>tum</strong></span> <span class='ocrx_word' id='word_1_102' title='bbox 967 2269 1234 2330; x_wconf 83' lang='lat' dir='ltr'><strong>suerunt</strong></span> <span class='ocrx_word' id='word_1_103' title='bbox 1274 2266 1536 2328; x_wconf 89' lang='lat' dir='ltr'><strong>inserta.</strong></span> <span class='ocrx_word' id='word_1_104' title='bbox 1584 2264 1989 2327; x_wconf 89' lang='lat' dir='ltr'><strong>Adverbium</strong></span> <span class='ocrx_word' id='word_1_105' title='bbox 2021 2263 2188 2333; x_wconf 77' lang='grc' dir='ltr'>οὕτως</span> <span class='ocrx_word' id='word_1_106' title='bbox 2225 2264 2466 2354; x_wconf 85' lang='lat' dir='ltr'><strong>pariter</strong></span> <span class='ocrx_word' id='word_1_107' title='bbox 2493 2265 2764 2328; x_wconf 85' lang='lat' dir='ltr'><strong>oblitum</strong></span> <span class='ocrx_word' id='word_1_108' title='bbox 2796 2265 2923 2327; x_wconf 82' lang='lat' dir='ltr'><strong>fuit</strong></span> 
     </span>
     <span class='ocr_line' id='line_1_13' title="bbox 783 2373 2919 2458; baseline -0.002 -20"><span class='ocrx_word' id='word_1_109' title='bbox 783 2380 1150 2458; x_wconf 82' lang='lat' dir='ltr'><strong>pariterque</strong></span> <span class='ocrx_word' id='word_1_110' title='bbox 1201 2373 1607 2438; x_wconf 84' lang='lat' dir='ltr'><strong>translatum.</strong></span> <span class='ocrx_word' id='word_1_111' title='bbox 1645 2373 1830 2448; x_wconf 84' lang='lat' dir='ltr'><strong>Quod</strong></span> <span class='ocrx_word' id='word_1_112' title='bbox 1878 2373 2241 2454; x_wconf 82' lang='lat' dir='ltr'><strong>expeditius</strong></span> <span class='ocrx_word' id='word_1_113' title='bbox 2275 2373 2639 2453; x_wconf 83' lang='lat' dir='ltr'><strong>intelligas,</strong></span> <span class='ocrx_word' id='word_1_114' title='bbox 2685 2373 2741 2435; x_wconf 90' lang='lat' dir='ltr'><strong>si</strong></span> <span class='ocrx_word' id='word_1_115' title='bbox 2781 2373 2919 2435; x_wconf 90' lang='lat' dir='ltr'><strong>ins-</strong></span> 
     </span>
     <span class='ocr_line' id='line_1_14' title="bbox 785 2481 1352 2564; baseline -0.005 -18"><span class='ocrx_word' id='word_1_116' title='bbox 785 2484 1036 2564; x_wconf 86' lang='lat' dir='ltr'><strong>pexeris</strong></span> <span class='ocrx_word' id='word_1_117' title='bbox 1068 2481 1352 2562; x_wconf 78' lang='lat' dir='ltr'><strong>syllabas</strong></span> 
     </span>
    </p>
   </div>
   <div class='ocr_carea' id='block_1_6' title="bbox 1227 2641 2399 2726">
    <p class='ocr_par' dir='ltr' id='par_1_6' title="bbox 1227 2641 2399 2726">
     <span class='ocr_line' id='line_1_15' title="bbox 1227 2641 2399 2726; baseline 0 -21"><span class='ocrx_word' id='word_1_118' title='bbox 1227 2642 1656 2726; x_wconf 79' lang='grc' dir='ltr'>(κεκρι)καουτως</span> <span class='ocrx_word' id='word_1_119' title='bbox 1678 2664 1767 2702; x_wconf 83' lang='grc' dir='ltr'><strong>τον</strong></span> <span class='ocrx_word' id='word_1_120' title='bbox 1789 2664 1943 2702; x_wconf 84' lang='grc' dir='ltr'>τουτο</span> <span class='ocrx_word' id='word_1_121' title='bbox 1970 2641 2399 2725; x_wconf 82' lang='grc' dir='ltr'>κα(τεργασαμ.)</span> 
     </span>
    </p>
   </div>
   <div class='ocr_carea' id='block_1_7' title="bbox 783 2793 2922 3210">
    <p class='ocr_par' dir='ltr' id='par_1_7' title="bbox 783 2793 2922 3210">
     <span class='ocr_line' id='line_1_16' title="bbox 869 2793 2920 2889; baseline -0.002 -18"><span class='ocrx_word' id='word_1_122' title='bbox 869 2804 1242 2871; x_wconf 77' lang='lat' dir='ltr'><strong>persimiles</strong></span> <span class='ocrx_word' id='word_1_123' title='bbox 1276 2814 1428 2869; x_wconf 88' lang='lat' dir='ltr'><strong>sunt</strong></span> <span class='ocrx_word' id='word_1_124' title='bbox 1456 2805 1579 2867; x_wconf 91' lang='lat' dir='ltr'><strong>hae</strong></span> <span class='ocrx_word' id='word_1_125' title='bbox 1608 2803 1897 2885; x_wconf 80' lang='lat' dir='ltr'><strong>syllabae</strong></span> <span class='ocrx_word' id='word_1_126' title='bbox 1928 2823 2092 2884; x_wconf 86' lang='lat' dir='ltr'><strong>quae</strong></span> <span class='ocrx_word' id='word_1_127' title='bbox 2127 2804 2433 2883; x_wconf 90' lang='lat' dir='ltr'><strong>leguntur</strong></span> <span class='ocrx_word' id='word_1_128' title='bbox 2455 2805 2628 2883; x_wconf 82' lang='lat' dir='ltr'><strong>iuter</strong></span> <span class='ocrx_word' id='word_1_129' title='bbox 2658 2793 2920 2889; x_wconf 62' lang='grc' dir='ltr'>(κεκρι)κα</span> 
     </span>
     <span class='ocr_line' id='line_1_17' title="bbox 785 2911 2922 2999; baseline -0.001 -20"><span class='ocrx_word' id='word_1_130' title='bbox 785 2925 848 2980; x_wconf 92' lang='lat' dir='ltr'><strong>et</strong></span> <span class='ocrx_word' id='word_1_131' title='bbox 891 2913 1338 2999; x_wconf 79' lang='grc' dir='ltr'>κα(τεργασαμ.).</span> <span class='ocrx_word' id='word_1_132' title='bbox 1392 2914 1824 2989; x_wconf 86' lang='lat' dir='ltr'><strong>Quamobrem</strong></span> <span class='ocrx_word' id='word_1_133' title='bbox 1877 2912 2138 2974; x_wconf 91' lang='lat' dir='ltr'><strong>illarum</strong></span> <span class='ocrx_word' id='word_1_134' title='bbox 2180 2911 2489 2992; x_wconf 87' lang='lat' dir='ltr'><strong>quasdam</strong></span> <span class='ocrx_word' id='word_1_135' title='bbox 2538 2932 2575 2976; x_wconf 91' lang='lat' dir='ltr'><strong>a</strong></span> <span class='ocrx_word' id='word_1_136' title='bbox 2628 2912 2922 2977; x_wconf 89' lang='lat' dir='ltr'><strong>librariis</strong></span> 
     </span>
     <span class='ocr_line' id='line_1_18' title="bbox 783 3017 2915 3103; baseline -0.003 -16"><span class='ocrx_word' id='word_1_137' title='bbox 783 3024 1053 3088; x_wconf 83' lang='lat' dir='ltr'><strong>omissas</strong></span> <span class='ocrx_word' id='word_1_138' title='bbox 1081 3024 1278 3085; x_wconf 85' lang='lat' dir='ltr'><strong>fuisse</strong></span> <span class='ocrx_word' id='word_1_139' title='bbox 1311 3039 1438 3085; x_wconf 90' lang='lat' dir='ltr'><strong>uou</strong></span> <span class='ocrx_word' id='word_1_140' title='bbox 1471 3029 1566 3083; x_wconf 88' lang='lat' dir='ltr'><strong>est</strong></span> <span class='ocrx_word' id='word_1_141' title='bbox 1596 3039 1710 3083; x_wconf 89' lang='lat' dir='ltr'><strong>cur</strong></span> <span class='ocrx_word' id='word_1_142' title='bbox 1743 3017 2000 3082; x_wconf 82' lang='lat' dir='ltr'><strong>mireris</strong></span> <span class='ocrx_word' id='word_1_143' title='bbox 2023 3020 2086 3103; x_wconf 87' lang='grc' dir='ltr'><strong>(α</strong></span> <span class='ocrx_word' id='word_1_144' title='bbox 2115 3044 2197 3100; x_wconf 77' lang='lat'>=</span> <span class='ocrx_word' id='word_1_145' title='bbox 2222 3044 2305 3099; x_wconf 88' lang='grc' dir='ltr'><strong>ου,</strong></span> <span class='ocrx_word' id='word_1_146' title='bbox 2337 3044 2411 3089; x_wconf 82' lang='grc' dir='ltr'><strong>ως</strong></span> <span class='ocrx_word' id='word_1_147' title='bbox 2434 3048 2515 3073; x_wconf 85' lang='lat'><strong><em>=</em></strong></span> <span class='ocrx_word' id='word_1_148' title='bbox 2535 3044 2645 3098; x_wconf 81' lang='grc' dir='ltr'><strong>ους,</strong></span> <span class='ocrx_word' id='word_1_149' title='bbox 2676 3046 2704 3081; x_wconf 85' lang='grc' dir='ltr'>ν</span> <span class='ocrx_word' id='word_1_150' title='bbox 2732 3048 2813 3075; x_wconf 84' lang='lat'><strong><em>=</em></strong></span> <span class='ocrx_word' id='word_1_151' title='bbox 2836 3047 2915 3096; x_wconf 86' lang='grc' dir='ltr'><strong>υς,</strong></span> 
     </span>
     <span class='ocr_line' id='line_1_19' title="bbox 784 3127 1995 3210; baseline -0.004 -15"><span class='ocrx_word' id='word_1_152' title='bbox 784 3156 812 3195; x_wconf 83' lang='grc' dir='ltr'>ν</span> <span class='ocrx_word' id='word_1_153' title='bbox 838 3157 920 3184; x_wconf 89' lang='lat'><strong>==</strong></span> <span class='ocrx_word' id='word_1_154' title='bbox 947 3156 998 3207; x_wconf 86' lang='grc' dir='ltr'><strong>υ,</strong></span> <span class='ocrx_word' id='word_1_155' title='bbox 1029 3155 1058 3192; x_wconf 87' lang='grc' dir='ltr'><strong>ν</strong></span> <span class='ocrx_word' id='word_1_156' title='bbox 1084 3157 1167 3184; x_wconf 88' lang='lat'><strong>=-</strong></span> <span class='ocrx_word' id='word_1_157' title='bbox 1192 3155 1228 3192; x_wconf 83' lang='grc' dir='ltr'>κ</span> <span class='ocrx_word' id='word_1_158' title='bbox 1255 3162 1336 3176; x_wconf 96' lang='grc'>-</span> <span class='ocrx_word' id='word_1_159' title='bbox 1367 3130 1518 3192; x_wconf 89' lang='lat' dir='ltr'><strong>Bast</strong></span> <span class='ocrx_word' id='word_1_160' title='bbox 1545 3138 1607 3190; x_wconf 94' lang='lat' dir='ltr'><strong>et</strong></span> <span class='ocrx_word' id='word_1_161' title='bbox 1634 3127 1995 3210; x_wconf 85' lang='lat' dir='ltr'><strong>Vollgraff).</strong></span> 
     </span>
    </p>
   </div>
   <div class='ocr_carea' id='block_1_8' title="bbox 1751 3319 1947 3397">
    <p class='ocr_par' dir='ltr' id='par_1_8' title="bbox 1751 3319 1947 3397">
     <span class='ocr_line' id='line_1_20' title="bbox 1751 3319 1947 3397; baseline -0.015 -15"><span class='ocrx_word' id='word_1_162' title='bbox 1751 3319 1947 3397; x_wconf 81' lang='lat' dir='ltr'><strong>v,7.</strong></span> 
     </span>
    </p>
   </div>
   <div class='ocr_carea' id='block_1_9' title="bbox 780 3477 2928 4527">
    <p class='ocr_par' dir='ltr' id='par_1_9' title="bbox 780 3477 2928 4527">
     <span class='ocr_line' id='line_1_21' title="bbox 869 3477 2920 3562; baseline -0 -16"><span class='ocrx_word' id='word_1_163' title='bbox 869 3480 953 3546; x_wconf 89' lang='lat' dir='ltr'><strong>H.</strong></span> <span class='ocrx_word' id='word_1_164' title='bbox 993 3501 1052 3544; x_wconf 79' lang='lat' dir='ltr'><strong>v,</strong></span> <span class='ocrx_word' id='word_1_165' title='bbox 1089 3488 1160 3543; x_wconf 86' lang='lat' dir='ltr'><strong>ut</strong></span> <span class='ocrx_word' id='word_1_166' title='bbox 1187 3478 1375 3543; x_wconf 89' lang='lat' dir='ltr'><strong>multi</strong></span> <span class='ocrx_word' id='word_1_167' title='bbox 1399 3477 1533 3560; x_wconf 87' lang='lat' dir='ltr'><strong>jam</strong></span> <span class='ocrx_word' id='word_1_168' title='bbox 1563 3478 1944 3561; x_wconf 88' lang='lat' dir='ltr'><strong>interpretes</strong></span> <span class='ocrx_word' id='word_1_169' title='bbox 1981 3481 2212 3543; x_wconf 87' lang='lat' dir='ltr'><strong>offensi</strong></span> <span class='ocrx_word' id='word_1_170' title='bbox 2246 3479 2457 3554; x_wconf 85' lang='lat' dir='ltr'><strong>fuere,</strong></span> <span class='ocrx_word' id='word_1_171' title='bbox 2499 3480 2735 3561; x_wconf 88' lang='lat' dir='ltr'><strong>sicego</strong></span> <span class='ocrx_word' id='word_1_172' title='bbox 2760 3499 2920 3562; x_wconf 90' lang='lat' dir='ltr'><strong>quo·</strong></span> 
     </span>
     <span class='ocr_line' id='line_1_22' title="bbox 786 3585 2922 3672; baseline -0.001 -18"><span class='ocrx_word' id='word_1_173' title='bbox 786 3609 911 3672; x_wconf 86' lang='lat' dir='ltr'><strong>que</strong></span> <span class='ocrx_word' id='word_1_174' title='bbox 943 3589 1259 3654; x_wconf 85' lang='lat' dir='ltr'><strong>offendor.</strong></span> <span class='ocrx_word' id='word_1_175' title='bbox 1296 3611 1325 3645; x_wconf 73' lang='lat' dir='ltr'><strong>&lt;x</strong></span> <span class='ocrx_word' id='word_1_176' title='bbox 1364 3589 1458 3649; x_wconf 92' lang='lat' dir='ltr'><strong>En</strong></span> <span class='ocrx_word' id='word_1_177' title='bbox 1506 3587 1723 3650; x_wconf 85' lang='lat' dir='ltr'><strong>disant</strong></span> <span class='ocrx_word' id='word_1_178' title='bbox 1754 3606 1769 3649; x_wconf 76' lang='grc' dir='ltr'><strong><em>ε</em></strong></span> <span class='ocrx_word' id='word_1_179' title='bbox 1806 3606 1963 3649; x_wconf 86' lang='lat' dir='ltr'><strong>vous</strong></span> <span class='ocrx_word' id='word_1_180' title='bbox 1995 3588 2125 3650; x_wconf 76' lang='lat' dir='ltr'><strong>etes</strong></span> <span class='ocrx_word' id='word_1_181' title='bbox 2152 3586 2403 3669; x_wconf 89' lang='lat' dir='ltr'><strong>(inquit</strong></span> <span class='ocrx_word' id='word_1_182' title='bbox 2434 3587 2665 3669; x_wconf 82' lang='lat' dir='ltr'><strong>Godet)‚</strong></span> <span class='ocrx_word' id='word_1_183' title='bbox 2705 3585 2922 3669; x_wconf 73' lang='lat' dir='ltr'><strong>l’Apo-</strong></span> 
     </span>
     <span class='ocr_line' id='line_1_23' title="bbox 789 3694 2925 3777; baseline -0.001 -17"><span class='ocrx_word' id='word_1_184' title='bbox 789 3704 885 3760; x_wconf 89' lang='lat' dir='ltr'><strong>tre</strong></span> <span class='ocrx_word' id='word_1_185' title='bbox 930 3714 1125 3777; x_wconf 88' lang='lat' dir='ltr'><strong>pense</strong></span> <span class='ocrx_word' id='word_1_186' title='bbox 1169 3699 1206 3756; x_wconf 78' lang='lat' dir='ltr'><strong>a</strong></span> <span class='ocrx_word' id='word_1_187' title='bbox 1245 3712 1316 3757; x_wconf 91' lang='lat' dir='ltr'><strong>ce</strong></span> <span class='ocrx_word' id='word_1_188' title='bbox 1356 3694 1546 3775; x_wconf 88' lang='lat' dir='ltr'><strong>qu’ils</strong></span> <span class='ocrx_word' id='word_1_189' title='bbox 1587 3702 1760 3769; x_wconf 90' lang='lat' dir='ltr'><strong>sont,</strong></span> <span class='ocrx_word' id='word_1_190' title='bbox 1798 3712 1928 3758; x_wconf 88' lang='lat' dir='ltr'><strong>non</strong></span> <span class='ocrx_word' id='word_1_191' title='bbox 1970 3714 2050 3757; x_wconf 89' lang='lat' dir='ltr'><strong>eu</strong></span> <span class='ocrx_word' id='word_1_192' title='bbox 2083 3694 2236 3772; x_wconf 85' lang='lat' dir='ltr'><strong>fait,</strong></span> <span class='ocrx_word' id='word_1_193' title='bbox 2272 3697 2434 3757; x_wconf 86' lang='lat' dir='ltr'><strong>mais</strong></span> <span class='ocrx_word' id='word_1_194' title='bbox 2476 3713 2557 3757; x_wconf 92' lang='lat' dir='ltr'><strong>en</strong></span> <span class='ocrx_word' id='word_1_195' title='bbox 2588 3696 2832 3759; x_wconf 90' lang='lat' dir='ltr'><strong>droit...</strong></span> <span class='ocrx_word' id='word_1_196' title='bbox 2866 3696 2925 3758; x_wconf 88' lang='lat'><strong>11</strong></span> 
     </span>
     <span class='ocr_line' id='line_1_24' title="bbox 788 3801 2928 3884; baseline -0.001 -19"><span class='ocrx_word' id='word_1_197' title='bbox 788 3821 870 3865; x_wconf 90' lang='lat' dir='ltr'><strong>ne</strong></span> <span class='ocrx_word' id='word_1_198' title='bbox 907 3801 1092 3881; x_wconf 89' lang='lat' dir='ltr'><strong>s’agit</strong></span> <span class='ocrx_word' id='word_1_199' title='bbox 1128 3801 1270 3882; x_wconf 90' lang='lat' dir='ltr'><strong>plus</strong></span> <span class='ocrx_word' id='word_1_200' title='bbox 1294 3850 1308 3879; x_wconf 91' lang='lat'>‚</span> <span class='ocrx_word' id='word_1_201' title='bbox 1344 3819 1505 3881; x_wconf 92' lang='lat' dir='ltr'><strong>pour</strong></span> <span class='ocrx_word' id='word_1_202' title='bbox 1538 3801 1598 3863; x_wconf 91' lang='lat' dir='ltr'><strong>le</strong></span> <span class='ocrx_word' id='word_1_203' title='bbox 1628 3811 1932 3882; x_wconf 79' lang='lat' dir='ltr'><strong>croyant‚</strong></span> <span class='ocrx_word' id='word_1_204' title='bbox 1972 3820 2098 3881; x_wconf 85' lang='lat' dir='ltr'><strong>que</strong></span> <span class='ocrx_word' id='word_1_205' title='bbox 2128 3802 2207 3864; x_wconf 93' lang='lat' dir='ltr'><strong>de</strong></span> <span class='ocrx_word' id='word_1_206' title='bbox 2237 3802 2507 3884; x_wconf 81' lang='lat' dir='ltr'><strong>devenir</strong></span> <span class='ocrx_word' id='word_1_207' title='bbox 2536 3820 2606 3863; x_wconf 92' lang='lat' dir='ltr'><strong>ce</strong></span> <span class='ocrx_word' id='word_1_208' title='bbox 2639 3802 2797 3882; x_wconf 87' lang='lat' dir='ltr'><strong>qu&#39;il</strong></span> <span class='ocrx_word' id='word_1_209' title='bbox 2832 3809 2928 3864; x_wconf 88' lang='lat' dir='ltr'><strong>est</strong></span> 
     </span>
     <span class='ocr_line' id='line_1_25' title="bbox 786 3907 2923 3989; baseline 0 -20"><span class='ocrx_word' id='word_1_210' title='bbox 786 3908 931 3988; x_wconf 78' lang='lat' dir='ltr'><strong>deja</strong></span> <span class='ocrx_word' id='word_1_211' title='bbox 959 3908 1066 3989; x_wconf 88' lang='lat' dir='ltr'><strong>(en</strong></span> <span class='ocrx_word' id='word_1_212' title='bbox 1099 3907 1364 3989; x_wconf 77' lang='lat' dir='ltr'><strong>Christ).</strong></span> <span class='ocrx_word' id='word_1_213' title='bbox 1407 3933 1430 3963; x_wconf 75' lang='grc' dir='ltr'><strong>»ι</strong></span> <span class='ocrx_word' id='word_1_214' title='bbox 1462 3908 1801 3971; x_wconf 85' lang='lat' dir='ltr'><strong>Praeclara</strong></span> <span class='ocrx_word' id='word_1_215' title='bbox 1826 3909 2110 3988; x_wconf 78' lang='lat' dir='ltr'><strong>profecto</strong></span> <span class='ocrx_word' id='word_1_216' title='bbox 2137 3910 2457 3971; x_wconf 87' lang='lat' dir='ltr'><strong>sententia</strong></span> <span class='ocrx_word' id='word_1_217' title='bbox 2485 3919 2600 3986; x_wconf 90' lang='lat' dir='ltr'><strong>est,</strong></span> <span class='ocrx_word' id='word_1_218' title='bbox 2636 3909 2923 3989; x_wconf 86' lang='lat' dir='ltr'><strong>illisque,</strong></span> 
     </span>
     <span class='ocr_line' id='line_1_26' title="bbox 789 4015 2925 4097; baseline -0 -19"><span class='ocrx_word' id='word_1_219' title='bbox 789 4024 857 4079; x_wconf 92' lang='lat' dir='ltr'><strong>ut</strong></span> <span class='ocrx_word' id='word_1_220' title='bbox 888 4016 1051 4076; x_wconf 85' lang='lat' dir='ltr'><strong>mihi</strong></span> <span class='ocrx_word' id='word_1_221' title='bbox 1083 4016 1357 4092; x_wconf 87' lang='lat' dir='ltr'><strong>videtur,</strong></span> <span class='ocrx_word' id='word_1_222' title='bbox 1393 4016 1741 4095; x_wconf 88' lang='lat' dir='ltr'><strong>persimilis</strong></span> <span class='ocrx_word' id='word_1_223' title='bbox 1764 4064 1778 4092; x_wconf 88' lang='lat'>‚</span> <span class='ocrx_word' id='word_1_224' title='bbox 1826 4034 1992 4097; x_wconf 88' lang='lat' dir='ltr'><strong>quae</strong></span> <span class='ocrx_word' id='word_1_225' title='bbox 2032 4016 2101 4076; x_wconf 91' lang='lat' dir='ltr'><strong>in</strong></span> <span class='ocrx_word' id='word_1_226' title='bbox 2142 4016 2270 4093; x_wconf 87' lang='lat' dir='ltr'><strong>VI,</strong></span> <span class='ocrx_word' id='word_1_227' title='bbox 2311 4016 2376 4078; x_wconf 92' lang='lat'><strong>11</strong></span> <span class='ocrx_word' id='word_1_228' title='bbox 2412 4016 2739 4096; x_wconf 89' lang='lat' dir='ltr'><strong>apostolus</strong></span> <span class='ocrx_word' id='word_1_229' title='bbox 2783 4015 2925 4078; x_wconf 90' lang='lat' dir='ltr'><strong>sine</strong></span> 
     </span>
     <span class='ocr_line' id='line_1_27' title="bbox 787 4123 2926 4201; baseline 0 -17"><span class='ocrx_word' id='word_1_230' title='bbox 787 4123 984 4185; x_wconf 89' lang='lat' dir='ltr'><strong>dubio</strong></span> <span class='ocrx_word' id='word_1_231' title='bbox 1028 4123 1370 4185; x_wconf 87' lang='lat' dir='ltr'><strong>enuntiare</strong></span> <span class='ocrx_word' id='word_1_232' title='bbox 1421 4123 1642 4185; x_wconf 90' lang='lat' dir='ltr'><strong>voluit.</strong></span> <span class='ocrx_word' id='word_1_233' title='bbox 1692 4126 1997 4185; x_wconf 89' lang='lat' dir='ltr'><strong>Attamen</strong></span> <span class='ocrx_word' id='word_1_234' title='bbox 2045 4124 2117 4184; x_wconf 90' lang='lat' dir='ltr'><strong>in</strong></span> <span class='ocrx_word' id='word_1_235' title='bbox 2164 4124 2255 4201; x_wconf 87' lang='lat' dir='ltr'><strong>V,</strong></span> <span class='ocrx_word' id='word_1_236' title='bbox 2310 4125 2341 4184; x_wconf 88' lang='lat'>7</span> <span class='ocrx_word' id='word_1_237' title='bbox 2391 4133 2762 4200; x_wconf 78' lang='lat' dir='ltr'><strong>contextuS,</strong></span> <span class='ocrx_word' id='word_1_238' title='bbox 2820 4140 2926 4184; x_wconf 90' lang='lat' dir='ltr'><strong>me</strong></span> 
     </span>
     <span class='ocr_line' id='line_1_28' title="bbox 780 4228 2928 4311; baseline 0 -21"><span class='ocrx_word' id='word_1_239' title='bbox 780 4229 1035 4309; x_wconf 88' lang='lat' dir='ltr'><strong>judice,</strong></span> <span class='ocrx_word' id='word_1_240' title='bbox 1073 4229 1379 4290; x_wconf 89' lang='lat' dir='ltr'><strong>adversus</strong></span> <span class='ocrx_word' id='word_1_241' title='bbox 1419 4228 1588 4291; x_wconf 88' lang='lat' dir='ltr'><strong>hanc</strong></span> <span class='ocrx_word' id='word_1_242' title='bbox 1622 4230 2217 4309; x_wconf 84' lang='lat' dir='ltr'><strong>interpretationem</strong></span> <span class='ocrx_word' id='word_1_243' title='bbox 2262 4239 2530 4311; x_wconf 86' lang='lat' dir='ltr'><strong>pugnat.</strong></span> <span class='ocrx_word' id='word_1_244' title='bbox 2582 4230 2928 4292; x_wconf 86' lang='lat' dir='ltr'><strong>Praestite-</strong></span> 
     </span>
     <span class='ocr_line' id='line_1_29' title="bbox 787 4335 2923 4416; baseline -0 -18"><span class='ocrx_word' id='word_1_245' title='bbox 787 4336 896 4412; x_wconf 89' lang='lat' dir='ltr'><strong>rit,</strong></span> <span class='ocrx_word' id='word_1_246' title='bbox 936 4335 1008 4397; x_wconf 89' lang='lat' dir='ltr'><strong>ni</strong></span> <span class='ocrx_word' id='word_1_247' title='bbox 1037 4335 1246 4411; x_wconf 89' lang='lat' dir='ltr'><strong>fallor,</strong></span> <span class='ocrx_word' id='word_1_248' title='bbox 1283 4335 1402 4396; x_wconf 83' lang='grc' dir='ltr'>ἔστε</span> <span class='ocrx_word' id='word_1_249' title='bbox 1432 4353 1545 4415; x_wconf 90' lang='lat' dir='ltr'><strong>pro</strong></span> <span class='ocrx_word' id='word_1_250' title='bbox 1571 4336 1804 4416; x_wconf 89' lang='lat' dir='ltr'><strong>imper.</strong></span> <span class='ocrx_word' id='word_1_251' title='bbox 1844 4336 2100 4402; x_wconf 88' lang='lat' dir='ltr'><strong>habere.</strong></span> <span class='ocrx_word' id='word_1_252' title='bbox 2137 4338 2373 4415; x_wconf 87' lang='lat' dir='ltr'><strong>Nonne</strong></span> <span class='ocrx_word' id='word_1_253' title='bbox 2408 4338 2587 4400; x_wconf 90' lang='lat' dir='ltr'><strong>vides</strong></span> <span class='ocrx_word' id='word_1_254' title='bbox 2619 4339 2691 4399; x_wconf 90' lang='lat' dir='ltr'><strong>in</strong></span> <span class='ocrx_word' id='word_1_255' title='bbox 2726 4357 2788 4402; x_wconf 89' lang='lat' dir='ltr'><strong>v.</strong></span> <span class='ocrx_word' id='word_1_256' title='bbox 2823 4338 2923 4397; x_wconf 90' lang='grc'><strong>6-7</strong></span> 
     </span>
     <span class='ocr_line' id='line_1_30' title="bbox 789 4442 2926 4527; baseline 0 -21"><span class='ocrx_word' id='word_1_257' title='bbox 789 4443 950 4508; x_wconf 86' lang='lat' dir='ltr'><strong>duas</strong></span> <span class='ocrx_word' id='word_1_258' title='bbox 985 4442 1469 4509; x_wconf 85' lang='lat' dir='ltr'><strong>adhortationes</strong></span> <span class='ocrx_word' id='word_1_259' title='bbox 1500 4442 1809 4522; x_wconf 84' lang='lat' dir='ltr'><strong>exprimi,</strong></span> <span class='ocrx_word' id='word_1_260' title='bbox 1849 4445 2235 4525; x_wconf 81' lang='lat' dir='ltr'><strong>quibuscum</strong></span> <span class='ocrx_word' id='word_1_261' title='bbox 2265 4444 2434 4509; x_wconf 86' lang='lat' dir='ltr'><strong>duae</strong></span> <span class='ocrx_word' id='word_1_262' title='bbox 2470 4445 2926 4527; x_wconf 84' lang='lat' dir='ltr'><strong>explicationes</strong></span> 
     </span>
    </p>
   </div>
  </div>
 </body>
</html>
