3559 5609
1557 860 1686 912 VIII
1703 898 1715 921 ,
1755 860 1861 911 1-9.
2719 864 2773 914 91

645 977 929 1057 accipere
957 993 1151 1056 qnam
1186 975 1377 1039 Godct
1414 978 1765 1058 proposuit.
1800 978 1878 1039 In
1920 996 1981 1037 v.
2029 976 2066 1038 8
2117 976 2338 1040 Calvin
2384 986 2448 1040 et
2485 979 2779 1065 Moshcint

645 1085 837 1146 verba
868 1101 907 1146 a
937 1083 1295 1147 Corinthiis
1325 1094 1545 1148 contra
1593 1084 1872 1148 Paulum
1905 1085 2382 1166 disputantibus
2407 1086 2579 1150 dicta
2609 1086 2779 1151 vide·

644 1199 818 1268 runt,
853 1208 1019 1272 quae
1042 1190 1366 1272 apostolus
1392 1192 1461 1253 in
1482 1211 1543 1254 v.
1573 1193 1609 1255 9
1631 1192 2027 1256 confutaret:
2055 1200 2222 1255 recte
2254 1193 2539 1272 quidem.
2573 1193 2780 1256 Inter·

644 1306 850 1378 pretes
889 1300 1001 1378 qui
1042 1299 1459 1379 conjecerunt
1500 1299 1694 1362 verba
1727 1321 1789 1361 v.
1837 1301 1857 1361 1
1891 1348 1905 1373 ,
1943 1308 2010 1362 ut
2055 1316 2231 1361 nunc
2273 1317 2340 1361 se
2375 1300 2645 1373 habent,
2697 1300 2779 1363 ab

644 1405 924 1484 apostolo
962 1423 997 1467 e
1027 1405 1513 1469 Corinthiorum
1552 1407 1827 1486 epistula
1864 1406 2238 1488 deprompta
2280 1406 2503 1479 fuisse,
2548 1423 2774 1468 verum

643 1513 946 1592 suspicati
991 1514 1157 1575 mihi
1198 1514 1522 1576 videntur.
1575 1513 1760 1588 Godet
1805 1533 1872 1575 se
1922 1513 2071 1578 illos
2120 1513 2507 1592 redarguere
2550 1514 2776 1593 opina-

644 1629 746 1682 tur
783 1621 1127 1685 scribendo
1163 1639 1178 1683 z
1214 1645 1241 1677 «
1280 1620 1396 1684 S'il
1428 1639 1508 1683 en
1540 1622 1697 1684 etait
1732 1622 1933 1696 ainsi,
1969 1622 2016 1682 il
2058 1622 2333 1684 faudrait
2377 1621 2553 1683 aussi
2592 1622 2772 1684 auria

640 1727 801 1790 buer
849 1746 971 1789 aux
1023 1728 1437 1791 Corinthiens
1488 1727 1583 1791 les
1624 1748 1683 1792 v,
1727 1729 1831 1791 4-6
1876 1730 1988 1810 qui
2042 1738 2186 1792 sont
2225 1729 2289 1790 la
2330 1729 2771 1792 continuation

549 1912 556 1917 ³
640 1833 720 1897 de
748 1834 810 1897 la
847 1835 1078 1917 phrase
1123 1841 1534 1899 commencee
1567 1855 1648 1898 au
1688 1856 1747 1898 ν.
1794 1838 1849 1898 1.
1895 1860 1926 1892 »
1968 1836 2229 1899 Rectius
2258 1835 2546 1917 loquitur
2577 1852 2773 1916 quam

640 1944 861 2005 credit.
914 1942 1215 2006 Ceterum
1260 1960 1389 2006 nou
1442 1943 1631 2023 plane
1683 1951 2053 2005 constanter
2099 1942 2422 2023 loquitur,
2481 1942 2703 2004 dicens
2756 1961 2770 2004 :

647 2075 671 2103 α
699 2048 745 2111 il
766 2058 863 2113 est
887 2050 1148 2112 evident
1166 2069 1291 2131 que
1316 2049 1470 2113 c’est
1493 2051 1656 2114 Paul
1681 2052 1797 2131 qui
1823 2050 1998 2132 parle
2025 2051 2188 2112 dans
2206 2049 2298 2112 les
2318 2069 2377 2111 v.
2404 2050 2503 2111 4-6
2529 2073 2556 2106 x>
2574 2049 2664 2130 (p.
2685 2047 2772 2129 ὃ),

640 2165 703 2219 et
733 2157 926 2237 paulo
957 2158 1235 2220 inferius
1268 2158 1513 2220 addens
1554 2183 1566 2219 ε
1607 2184 1636 2214 «
1687 2156 1738 2219 il
1772 2167 1870 2219 est
1904 2157 2185 2239 possible
2215 2176 2342 2238 que
2370 2154 2656 2236 l’Apotre
2685 2155 2779 2218 ait

640 2268 980 2345 emprunte
1038 2283 1142 2327 ces
1205 2266 1640 2346 propositions
1692 2266 1778 2344 (v.
1844 2264 1906 2345 4)
1968 2267 2004 2325 a
2064 2263 2124 2325 la
2182 2264 2367 2326 lettre
2428 2261 2640 2324 meme
2697 2261 2775 2323 de

638 2370 901 2451 l'Eglise
935 2395 968 2431 n
1000 2371 1089 2453 (p.
1131 2373 1249 2450 11).

719 2479 1066 2558 Dialogum
1118 2481 1291 2541 inter
1341 2480 1710 2543 Corinthios
1759 2497 1833 2542 ac
1893 2479 2170 2542 Paulum
2229 2476 2582 2550 constitue,
2639 2476 2773 2538 sive

641 2585 884 2649 Paulus
918 2587 1350 2651 confutandos
1379 2587 1549 2649 locos
1600 2587 1748 2649 citet
1781 2604 1942 2667 quos
1983 2588 2052 2647 in
2098 2584 2369 2666 epistula
2401 2582 2772 2648 Corinthio-

639 2712 785 2755 rum
825 2695 1150 2755 invenerit
1183 2696 1283 2770 (cf.
1318 2695 1468 2772 VII,
1514 2694 1588 2776 1),
1625 2694 1758 2756 sive
1794 2694 2084 2772 dialogus
2116 2693 2228 2754 ille
2258 2711 2361 2755 ars
2390 2693 2472 2755 sit
2505 2674 2775 2753 venusta

639 2801 955 2882 quaedam
993 2820 1030 2863 a
1057 2803 1360 2882 scriptore
1384 2803 1674 2876 inventa,
1710 2811 1778 2862 ut
1806 2802 2160 2863 orationem
2190 2799 2550 2881 expeditam
2586 2799 2774 2860 faciat

639 2914 699 2970 et
741 2909 1149 2971 concitatam.
1196 2908 1596 2971 pronomina
1632 2926 1745 2973 nos
1780 2918 1842 2971 et
1864 2926 2000 2982 υοε,
2036 2916 2124 2984 tu,
2158 2909 2330 2970 vices
2359 2907 2766 2980 alternantia,

637 3013 968 3094 dialogum
999 3016 1312 3079 indicant.
1351 3016 1649 3079 Ceterum
1688 3016 1931 3078 Paulus
1969 3026 2185 3094 aperte
2223 3014 2650 3094 repugnantia
2681 3015 2770 3075 di-

636 3131 809 3186 ceret
841 3122 926 3203 (v.
967 3123 991 3184 1
1027 3131 1091 3185 et
1119 3123 1214 3205 7),
1249 3124 1304 3185 si
1342 3141 1457 3186 suo
1498 3122 1765 3186 nomine
1804 3141 2056 3203 semper
2085 3123 2455 3203 loqueretur
2487 3139 2500 3183 ε
2535 3120 2772 3182 frustra

635 3230 1062 3309 interpretum
1089 3230 1411 3292 subtilitas
1440 3240 1503 3292 et
1528 3231 1817 3308 exegesis
1844 3230 2068 3309 spinae
2098 3229 2280 3290 illam
2314 3227 2768 3291 contradictio-

639 3356 787 3399 nem
809 3338 1150 3417 explanare
1170 3344 1518 3400 tentarunt.
1541 3337 1713 3398 Fieri
1736 3354 1867 3399 non
1885 3344 2087 3416 potest
2108 3343 2343 3407 utcum
2368 3337 2560 3400 Godet
2574 3335 2767 3396 aliam

637 3444 1181 3524 significationem
1232 3444 1334 3507 vel
1376 3446 1801 3525 prolationem
1850 3446 2042 3507 verbo
2078 3450 2267 3525 γνῶσις
2307 3445 2377 3505 in
2415 3457 2474 3508 v,
2522 3443 2544 3503 1
2599 3450 2662 3503 et
2698 3443 2771 3503 in

636 3573 697 3614 v.
732 3556 766 3615 7
799 3554 932 3615 des.
973 3553 1384 3631 Quicumque
1418 3571 1556 3632 cap.
1600 3554 1760 3614 VIII
1794 3552 2053 3631 legerit,
2089 3569 2465 3632 persuasum
2509 3551 2772 3613 habebit

637 3662 707 3722 in
740 3661 844 3723 his
871 3680 930 3722 v,
963 3661 1042 3722 de
1073 3678 1201 3721 una
1232 3660 1587 3739 eademqne
1616 3661 1984 3737 cognitione
2014 3661 2118 3738 agi
2149 3680 2162 3721 :
2198 3660 2336 3722 scil.
2364 3648 2480 3743 τὲερὶ
2508 3665 2599 3732 τῆς
2633 3661 2771 3738 γνώ-

637 3792 771 3836 σεως
816 3768 933 3850 περὶ
974 3780 1079 3828 τῶν
1122 3767 1494 3828 εἰδωλοθύτων.
1541 3768 1839 3829 Ceterum
1885 3766 1996 3827 hic
2040 3785 2296 3847 quoque
2343 3764 2771 3846 repugnantia

642 3873 830 3937 Godct
856 3873 1034 3934 dicit.
1064 3874 1410 3935 Contendit
1441 3890 1657 3936 vocem
1689 3882 1883 3954 γνῶσιν
1918 3874 2058 3937 sine
2094 3872 2360 3937 articulo
2382 3873 2451 3934 in
2478 3891 2539 3933 v.
2576 3873 2599 3933 1
2633 3870 2770 3933 voci

635 3994 825 4064 γνῶσις
855 4001 1005 4045 cum
1033 3982 1305 4044 articulo
1338 3982 1407 4042 in
1455 4002 1513 4044 v.
1550 3984 1586 4042 7
1632 4000 1765 4045 non
1798 4001 1935 4045 esse
1967 3980 2250 4044 similem
2285 3978 2371 4060 (p.
2417 3978 2536 4060 18).
2578 3979 2770 4041 Nunc
2820 4031 2826 4043 .

637 4090 714 4151 de
744 4090 1175 4152 monotheista
1213 4097 1460 4151 tantum
1491 4090 1859 4168 cognitione
1890 4106 2102 4152 sermo
2127 4089 2211 4150 sit
2241 4094 2322 4164 (v.
2359 4087 2453 4169 1),
2485 4104 2660 4149 nunc
2690 4088 2769 4148 de

638 4196 944 4276 peculiari
989 4215 1063 4258 ac
1117 4197 1381 4260 definita
1430 4199 1797 4276 cognitione
1844 4196 2007 4278 (scil.
2057 4196 2423 4274 cognitione
2470 4195 2770 4259 vanitatis

636 4320 1034 4382 paganorum
1092 4304 1359 4368 deorum
1421 4305 1534 4384 qui
1591 4322 1711 4367 nec
1766 4306 2047 4366 existunt
2109 4321 2226 4366 nec
2276 4304 2563 4384 polluere
2622 4321 2765 4385 pos-

640 4417 821 4489 sunt,
856 4418 1056 4488 etc...‚
1094 4430 1152 4474 v.
1189 4412 1273 4491 7).
1322 4412 1627 4473 Attamen
1666 4412 1804 4491 ipse
1853 4410 2041 4474 Godct
2073 4412 2258 4475 nobis
2299 4411 2452 4475 dicit
2477 4410 2567 4492 (p.
2617 4412 2711 4486 10)
2748 4430 2763 4475 :
