3559 5609
1573 783 1752 849 tv,2.
2672 777 2729 834 41

598 906 671 968 in
692 923 821 988 quo
840 921 960 968 vox
989 902 1047 966 δέ
1066 904 1368 985 quintum
1394 902 1462 986 (J
1464 903 1600 979 oh.,
1629 902 1812 977 VIII,
1842 899 1943 981 17)
1962 899 2210 963 obtinet
2233 896 2468 960 locum.
2504 896 2737 979 Stupor

597 1014 1016 1077 librariorum
1050 1029 1125 1075 eo
1164 1011 1364 1073 valuit
1391 1020 1497 1088 ut,
1532 1008 1931 1090 transpositis
1966 1006 2225 1069 vocibus
2256 1004 2422 1074 οὔτως
2452 1012 2514 1067 et
2540 1003 2731 1081 αὑτός,

598 1120 1028 1201 dittographia
1070 1120 1242 1182 vocis
1271 1119 1327 1180 δέ
1361 1127 1731 1181 nasceretur
1760 1149 1843 1164 —
1868 1115 2258 1196 ζημιωθήσεται
2287 1112 2453 1182 οὕτως
2484 1111 2734 1198 Sigpifi-

598 1235 700 1292 cat
741 1245 758 1292 z
807 1252 835 1285 α
878 1228 1183 1290 incendio
1218 1227 1503 1289 laborem
1542 1211 1734 1287 suum
1763 1224 2050 1287 deletum
2084 1223 2334 1301 videbit
2372 1241 2388 1286 t
2428 1222 2521 1285 sic
2552 1220 2733 1283 enim

600 1351 836 1415 poenas
868 1334 1204 1415 persolvet.
1241 1357 1271 1389 »

1551 1548 1675 1626 1v,
1722 1551 1780 1611 2.

683 1766 1068 1828 Intueamur
1100 1765 1311 1827 varias
1349 1764 1685 1840 lectioneS,
1722 1784 1883 1845 quas
1927 1765 2066 1829 cod.
2105 1765 2367 1828 habent.
2403 1766 2738 1828 Lectiones

605 1878 809 1949 ζητεῖτε
841 1891 914 1934 ac
947 1876 1179 1946 ζητεῖται
1214 1872 1450 1950 dignae
1496 1890 1625 1935 non
1672 1882 1824 1934 sunt
1861 1880 1931 1934 ut
1966 1875 2034 1935 in
2071 1872 2202 1934 illis
2238 1890 2733 1935 commoremur.

608 1981 772 2044 Cum
815 1981 1050 2043 borum
1098 1980 1374 2043 duorum
1420 1981 1879 2044 vocabulorum
1917 1999 2046 2043 una
2090 1980 2445 2060 eademque
2479 1980 2560 2041 sit
2594 1996 2739 2059 pro-

604 2088 957 2164 nuntiati0‚
992 2087 1447 2168 interpretibus
1492 2086 1640 2150 licet
1679 2106 1903 2151 vocem
1954 2088 2194 2168 eligere
2242 2105 2393 2150 cum
2437 2093 2737 2150 contextu

603 2197 814 2277 aptius
842 2195 1337 2258 convenientem
1373 2220 1385 2257 :
1420 2195 1775 2258 obscuritas
1812 2205 2016 2258 textus
2048 2213 2240 2257 causa
2272 2195 2394 2257 fuit
2422 2212 2536 2256 cur
2566 2194 2740 2255 inter

604 2304 722 2365 has
756 2303 915 2365 duas
951 2302 1192 2380 figuras
1225 2302 1377 2364 libri
1423 2305 1838 2381 jactarentur.
1873 2303 2125 2382 Recipit
2155 2299 2463 2364 Gebhardt
2486 2291 2620 2375 ὦδε,
2654 2297 2740 2360 ὅδε

605 2411 745 2493 (aut
783 2411 994 2490 potius
1025 2409 1054 2470 ὃ
1083 2409 1164 2492 δέ)
1193 2419 1407 2472 autem
1450 2409 1655 2474 Godet.
1692 2412 1741 2473 E
1773 2393 2010 2490 quibus
2041 2409 2425 2472 lectionibus
2455 2408 2738 2488 priorem

608 2518 1028 2579 manifestum
1062 2528 1155 2579 est
1187 2518 1381 2579 fidem
1418 2519 1626 2581 facere
1659 2521 2007 2599 majorem,
2040 2520 2094 2579 si
2126 2518 2312 2580 modo
2346 2516 2535 2580 lectio
2566 2516 2739 2580 diffi-

604 2623 791 2687 cilior
819 2625 1236 2705 praeferenda
1266 2625 1558 2687 faciliori.
1591 2626 1925 2700 Quomodo
1956 2625 2257 2706 explicari
2294 2625 2489 2705 possit
2526 2630 2741 2685 muta-
2820 2706 2823 2709 ἦ

609 2734 693 2795 tio
741 2733 921 2795 verbi
959 2732 988 2793 ὃ
1023 2733 1080 2794 δέ
1108 2735 1177 2794 in
1208 2732 1349 2794 ὥδεῖ
1376 2735 1516 2808 Qua
1546 2733 1735 2813 plane
1778 2732 2068 2796 involuta
2096 2734 2260 2795 facta
2289 2733 2516 2795 fuisset
2550 2730 2742 2794 Pauli

609 2858 825 2914 mens,
861 2857 934 2902 ac
978 2839 1227 2902 librarii
1279 2841 1403 2919 ipsi
1448 2829 1629 2902 nullo
1677 2848 1856 2919 pacto
1902 2857 2065 2917 quae
2111 2839 2467 2901 scriberent
2517 2855 2744 2918 capere

611 2947 984 3026 potuissent.
1029 2946 1429 3025 Intelligitur
1470 2956 1690 3009 contra
1734 2945 1920 3008 facile
1975 2947 2243 3009 mutatio
2286 2947 2467 3008 verbi
2519 2945 2620 3007 ὥδε
2671 2945 2743 3008 in

559 3047 563 3051 ’
609 3054 638 3114 ὃ
676 3053 763 3129 δέ,
817 3071 944 3133 qua
993 3054 1292 3132 periodus
1337 3054 1607 3115 obscura
1657 3053 2048 3116 tolerabilior
2094 3054 2306 3115 evadit
2355 3072 2565 3134 neque
2608 3070 2743 3116 om-

613 3162 771 3223 nino
819 3178 1013 3222 sensu
1055 3169 1258 3225 vacat.
1292 3195 1370 3206 —
1399 3161 1600 3223 Addit
1625 3176 1676 3234 ιι
1700 3186 1751 3222 τι
1807 3172 1942 3240 post
1982 3160 2206 3225 λοιπόνι
2240 3180 2405 3242 quae
2440 3161 2630 3223 lectio
2662 3162 2740 3222 ad

608 3280 968 3355 genuinam
1000 3277 1341 3340 lectionem
1374 3277 1886 3357 recuperandam
1916 3277 2105 3340 valet.

622 3417 627 3423 ·
687 3385 1088 3447 Correxerim
1127 3410 1139 3445 :
1174 3386 1224 3445 τί
1266 3385 1321 3447 δὲ
1354 3386 1534 3447 λοιπὸν
1574 3390 1807 3460 ζητεῖται
1841 3389 1894 3446 ἐν
1928 3397 2038 3455 τοῖς
2081 3385 2405 3466 οἷκονόμοις;
2434 3386 2520 3448 ἵνα
2559 3385 2743 3456 πιστός

606 3518 684 3562 τις
718 3495 918 3577 εὑρεθῇ.
957 3516 985 3548 α
1023 3493 1158 3556 Ubi
1195 3492 1394 3555 semel
1430 3494 1701 3573 οἰκονομία
1737 3494 1994 3557 cuidam
2032 3495 2275 3556 credita
2317 3504 2412 3556 est
2439 3492 2553 3576 (1)‚'
2588 3495 2743 3575 quid

608 3601 884 3680 amplius
914 3602 1191 3680 petitur?
1227 3610 1295 3662 ut
1328 3602 1537 3663 fidelis
1572 3602 1973 3664 inveniatur.
2010 3625 2041 3658 »
2071 3603 2310 3663 Littera
2337 3626 2370 3662 τ
2397 3621 2433 3663 a
2464 3601 2745 3665 librariis

611 3711 875 3781 omissa,
927 3715 1119 3788 atque
1167 3710 1234 3770 in
1292 3709 1585 3787 margine
1633 3710 1867 3790 scripta
1920 3710 2083 3771 sacta
2141 3717 2235 3771 est
2275 3733 2326 3769 τι
2364 3709 2421 3788 (τ
2456 3735 2536 3760 =
2575 3732 2625 3768 τι
2667 3740 2746 3753 —-

626 3813 940 3895 Vollyraff
969 3850 1046 3859 —
1094 3816 1359 3877 fortasse
1399 3824 1748 3896 antequam
1799 3817 1867 3877 in
1922 3816 2218 3898 margine
2247 3785 2742 3891 adscriberetur,

613 3921 842 4008 scripta
876 3922 1084 3982 fuerat
1111 3921 1323 3984 littera
1355 3947 1387 3981 τ
1419 3924 1592 3985 inter
1625 3923 1897 4003 versus).
1932 3923 2100 3985 Fieri
2134 3922 2341 4001 potuit
2379 3929 2469 3998 ut,
2504 3939 2538 3982 e
2568 3939 2741 3983 mar-

610 4029 784 4106 gine,
817 4026 980 4088 illud
1011 4052 1061 4086 τι
1086 4030 1152 4089 in
1185 4047 1242 4089 v,
1282 4030 1315 4089 5
1352 4021 1809 4108 transpositum
1840 4030 2035 4091 fuerit
2064 4031 2198 4090 sive
2228 4037 2377 4092 ante
2404 4028 2601 4112 κρίνετε
2634 4029 2745 4090 ubi

612 4135 847 4214 legitur
874 4159 925 4195 τι
956 4135 1124 4215 quod
1164 4136 1307 4198 sine
1343 4136 1581 4199 damno
1615 4139 1894 4213 abesset,
1930 4136 2066 4199 sive
2106 4137 2314 4219 potius
2348 4145 2496 4199 ante
2526 4137 2746 4221 φωτίσει

674 4361 741 4425 (1)
773 4361 865 4412 Sic
897 4363 1044 4411 enim
1076 4366 1242 4426 atque
1269 4363 1493 4426 optime,
1529 4365 1587 4414 ni
1613 4365 1790 4427 fallor,
1826 4368 1997 4415 Godet
2026 4365 2196 4416 λοιπόν
2228 4364 2641 4427 interpretatur.
