3559 5609
821 791 881 842 te
1074 791 1081 804 ·
1708 790 1759 850 1,
1802 790 1999 852 17-111‚
2037 773 2084 841 9.

902 908 1095 970 Hunc
1128 906 1429 969 ordinem
1458 906 1649 969 Pauli
1692 908 2105 971 ratiocinatio
2137 915 2307 970 tenet
2340 927 2355 970 :

904 1016 930 1076 Ι
967 1032 1146 1093 parS,
1184 1013 1546 1076 fautoribus
1581 1013 1920 1076 destinata.
1963 1047 2046 1061 —
2094 1012 2338 1077 Paulus
2370 1014 2518 1076 illos
2549 1014 2963 1095 reprehendit

820 1124 930 1202 qui
977 1121 1039 1184 ei
1068 1120 1449 1206 dignitatem
1487 1120 1765 1182 nimiam
1797 1119 2145 1183 conferunt
2171 1129 2363 1201 atque
2403 1122 2689 1184 confutat
2733 1122 2815 1184 ad
2842 1121 2960 1183 ab·

821 1228 1095 1290 surdum
1126 1227 1500 1289 reductione
1525 1272 1543 1302 ,
1581 1244 1747 1307 quae
1782 1227 2022 1290 dicitur
2047 1274 2066 1304 ‚
2104 1235 2294 1289 utens
2326 1226 2594 1309 (13-15).
2710 1228 2723 1239 '

900 1335 964 1397 ΙΙ
997 1352 1141 1414 pars
1162 1379 1182 1409 ,
1215 1332 1613 1396 adversariis
1645 1333 1988 1396 destinata.
2024 1368 2103 1379 —
2132 1333 2273 1395 Illis
2300 1334 2417 1414 qui
2445 1337 2585 1414 ejus
2620 1334 2961 1415 professio-

821 1459 971 1505 nem
1004 1437 1376 1520 vituperant
1404 1448 1465 1501 et
1495 1457 1690 1519 aegre
1719 1441 1944 1502 ferunt
1971 1458 2114 1504 eam
2146 1441 2602 1523 sapientiorem
2633 1458 2765 1505 non
2795 1458 2960 1519 esse,

818 1546 1099 1622 declarat
1133 1572 1146 1609 :
2023 1605 2030 1610 .

872 1656 958 1738 ,1.
999 1653 1445 1733 Evangelium
1474 1653 1649 1733 quod
1690 1653 2009 1734 sapientia
2056 1655 2180 1717 Dei
2220 1663 2353 1731 est,
2391 1655 2648 1718 homini
2676 1662 2770 1718 est
2798 1635 2960 1718 stul-

821 1762 994 1839 titia,
1030 1779 1105 1824 ac
1142 1760 1462 1840 sapientia
1498 1759 1956 1829 hominisDeo
1992 1762 2281 1824 stultitia.
2315 1763 2751 1837 Quamobrem
2785 1765 2958 1844 ipse,

822 1867 1099 1945 PanIUS,
1135 1861 1475 1944 Evangelii
1517 1865 1730 1928 fidelis
1773 1867 2174 1946 praedicator
2199 1916 2213 1944 ,
2251 1868 2675 1947 Evangelium
2705 1868 2963 1949 praedi-

820 1976 1014 2051 cavit,
1055 1974 1397 2036 hominum
1430 1974 1815 2054 sapientiam
1838 1990 1963 2054 pro
1994 1974 2205 2038 nihilo
2234 1974 2477 2037 ducens
2511 1974 2596 2056 (I,
2636 1976 2835 2052 17-11,
2870 1975 2954 2056 5).

903 2086 960 2145 2.
997 2082 1124 2145 Sed
1165 2081 1286 2145 hoc
1320 2083 1378 2143 ei
1434 2081 1630 2161 objici
1669 2088 1878 2162 posset
1930 2101 1944 2144 :
1993 2099 2213 2145 nonne
2257 2082 2396 2164 ipse
2441 2091 2616 2145 tuam
2662 2082 2961 2145 minuisti

821 2190 1366 2254 asseverationem
1394 2189 1478 2271 (I,
1526 2190 1630 2265 18,
1669 2189 1777 2265 24,
1816 2188 1943 2270 30),
1981 2208 2055 2251 ex
2086 2207 2213 2268 qua
2248 2189 2675 2269 Evangelium
2708 2189 2961 2252 homini

822 2298 1094 2361 stultitia
1138 2296 1284 2360 est?
1334 2314 1562 2359 nonne
1591 2296 1815 2358 dixisti
1865 2297 2285 2376 Evangelium
2316 2297 2505 2359 modo
2541 2296 2962 2376 pereuntibus

821 2405 1166 2468 stultitiam
1199 2423 1377 2482 esse,
1419 2413 1611 2484 atque
1649 2403 2076 2482 Evangelium
2117 2404 2241 2465 Dei
2272 2404 2650 2484 sapientiam
2690 2403 2957 2467 creden-

821 2511 996 2574 tibus
1046 2530 1308 2593 quoque
1359 2511 1502 2573 fieri
1544 2512 1979 2590 sapientiam?
2028 2511 2380 2574 Credentes
2438 2518 2589 2572 sunt
2634 2509 2960 2574 Corinthii

822 2618 1190 2682 christiani.
1228 2620 1375 2680 Non
1407 2617 1792 2699 apostolicae
1822 2620 2141 2682 vocationi
2181 2637 2391 2699 neque
2424 2619 2772 2698 Evangelio
2804 2619 2958 2680 infi-

824 2725 987 2787 delis
1026 2727 1253 2788 fuisset
1284 2725 1562 2801 Paulus,
1614 2726 1671 2787 si
1720 2760 1796 2771 —
1834 2727 2006 2806 quod
2049 2727 2375 2789 debuisset
2416 2726 2606 2790 modo
2654 2726 2962 2806 potuisset

827 2866 906 2880 —
941 2833 1327 2913 sapientiam
1364 2834 1571 2911 magis
1604 2833 1990 2912 exquisitam
2026 2852 2098 2895 ac
2134 2833 2436 2896 subtilem
2469 2833 2847 2895 edocuisset.
2878 2865 2961 2879 —
3016 2870 3024 2877 -

825 2941 1223 3021 Quapropter
1258 2957 1433 3001 nunc
1462 2940 1879 3020 posteriorem
1910 2942 2383 3021 oppositionem
2417 2941 2690 3003 resumit
2717 2940 2960 3002 Paulus

827 3055 897 3110 ut
918 3046 1190 3127 explicet
1211 3048 1491 3128 praecise
1522 3065 1595 3109 ac
1618 3047 1963 3110 describat.
1996 3049 2078 3109 In
2111 3066 2185 3111 eo
2214 3057 2647 3111 commoratus
2673 3048 2961 3129 estquod

825 3153 1253 3232 Evangelium
1302 3155 1435 3216 Deo
1482 3153 1622 3235 (aut
1669 3152 1821 3233 Dei)
1853 3153 2167 3232 sapientia
2206 3163 2340 3231 est,
2388 3155 2660 3216 stultitia
2702 3155 2960 3217 homiui

822 3260 882 3342 (Ι
907 3260 1165 3335 ,17-ΙΙ,
1203 3258 1287 3338 5).
1329 3260 1403 3319 In
1450 3258 1564 3322 illo
1604 3276 1781 3322 nunc
1830 3253 2263 3322 commoratur
2310 3262 2481 3340 quod
2530 3261 2958 3338 Evangelium

824 3364 1235 3426 credentibus
1265 3366 1577 3445 sapientia
1602 3413 1617 3441 ,
1649 3359 2025 3427 carnalibus
2054 3366 2322 3429 stultitia
2352 3375 2447 3429 est
2473 3367 2568 3449 (ΙΙ
2588 3413 2606 3444 ,
2645 3366 2845 3448 6-16).
2878 3366 2958 3427 In

825 3492 886 3535 v.
927 3472 1052 3554 ΙΙΙ,
1095 3472 1147 3548 1,
1184 3472 1296 3552 qui
1330 3471 1500 3535 hanc
1538 3470 2031 3551 explicationem
2075 3475 2514 3550 consequitur,
2560 3472 2961 3553 exprobratio

825 3579 931 3640 cui
965 3577 1354 3658 respondere
1405 3577 1673 3655 suscipit
1711 3594 1841 3638 non
1889 3578 2112 3640 eadem
2168 3587 2262 3640 est
2298 3588 2489 3659 atque
2529 3578 2643 3640 illa
2683 3580 2791 3642 cui
2823 3580 2959 3659 jam

825 3683 1154 3765 respondit
1187 3682 1311 3763 (II,
1351 3682 1417 3758 l,
1450 3682 1609 3762 4-5).
1655 3682 1751 3743 De
1785 3683 2102 3762 sapientia
2139 3685 2430 3748 humana
2474 3703 2605 3748 non
2645 3687 2779 3765 jam
2820 3686 2959 3764 agi-

823 3797 949 3860 tur,
999 3789 1110 3854 sed
1169 3789 1246 3850 de
1298 3788 1554 3864 divina,
1608 3787 1982 3850 christiana.
2039 3791 2176 3853 Nec
2223 3800 2585 3870 queruntur
2630 3792 2960 3856 Corinthii

824 3892 1103 3956 Paulum
1140 3894 1500 3957 humanam
1534 3896 1918 3974 sapientiam
1964 3900 2456 3979 contempsisse,
2496 3900 2607 3963 sed
2641 3900 2790 3963 illos
2825 3918 2957 3965 non

825 4000 1131 4063 habuisse
1165 3983 1494 4081 tamquam
1527 4002 1755 4071 τελείους
1788 4004 1845 4063 ἐν
1875 4006 2114 4088 Χριστῷ.

906 4104 1063 4183 Illa,
1109 4113 1183 4169 ut
1229 4108 1492 4187 opinor,
1547 4112 1794 4172 ratione
1852 4113 2209 4175 sententiae
2263 4114 2439 4177 inter
2486 4133 2553 4177 se
2605 4115 2956 4194 excipiunt.

828 4209 1019 4278 Godet
1046 4211 1212 4273 mihi
1242 4212 1499 4276 videtur
1542 4234 1769 4296 parum
1799 4218 2336 4283 animadvertisse
2372 4240 2502 4302 quo
2538 4222 2731 4284 modo
2764 4241 2821 4284 ν.
2862 4223 2952 4298 ΙΙ,

830 4318 899 4399 1,
947 4335 1099 4380 cum
1144 4337 1205 4383 v,
1255 4319 1326 4396 I,
1367 4319 1580 4398 17-31,
1626 4325 2080 4404 conjungatur.
2116 4326 2198 4388 Τὸ
2230 4326 2384 4411 κάγώ
2432 4328 2701 4393 minime
2735 4328 2907 4393 valet
2941 4350 2956 4394 :
