3559 5609
1646 876 1698 938 1,
1739 876 1907 928 14-15.
2812 869 2846 928 b

713 993 883 1073 quod
928 994 999 1054 in
1039 994 1160 1056 hac
1192 993 1559 1057 conditione
1604 1001 1946 1056 versantur
1991 993 2155 1055 sicut
2191 992 2527 1055 christiani
2575 992 2845 1055 Domini

712 1100 992 1163 reditum
1034 1108 1470 1180 exspectantes
1504 1099 1597 1182 (1)
1635 1100 1758 1182 (Cf.
1797 1100 2025 1163 Matth.
2072 1100 2293 1161 XXIV
2321 1147 2335 1173 ,
2383 1099 2458 1195 42
2495 1107 2556 1161 et
2590 1117 2749 1179 seq„
2783 1106 2847 1160 et

710 1218 1012 1292 γρηγορεῖτε
1040 1207 1113 1269 in
1151 1208 1172 1269 1
1216 1206 1384 1283 Cor„
1416 1207 1573 1269 XVI
1602 1255 1616 1281 ,
1658 1205 1775 1285 13).

1687 1425 1858 1499 1,8.

797 1638 961 1700 Mihi
1008 1639 1078 1699 in
1120 1645 1401 1699 mentem
1445 1638 1670 1699 venire
1709 1655 1841 1700 non
1883 1643 2088 1717 potest
2128 1654 2255 1718 quo
2288 1645 2465 1718 pacto
2500 1635 2739 1699 Paulus
2771 1638 2843 1698 in

712 1745 780 1809 h.
818 1765 881 1809 v.
920 1745 1114 1807 verba
1158 1750 1249 1804 τοῦ
1288 1744 1464 1827 κυρίου
1497 1751 1650 1825 ἡμῶν
1708 1743 1891 1819 Ἰησοῦ
1933 1747 2165 1828 Χριστοῦ
2209 1745 2443 1806 iterum
2486 1744 2699 1807 dicere
2742 1742 2845 1806 vel

716 1851 1024 1933 potuisset
1049 1851 1149 1913 vel
1180 1851 1506 1913 debuisset
1530 1869 1694 1931 quae
1713 1852 1851 1931 jam
1875 1851 1945 1912 in
1974 1871 2033 1911 v.
2062 1852 2097 1911 7
2119 1850 2490 1931 syllabatim
2515 1850 2841 1929 leguntur.

717 1958 1133 2020 Manifestum
1167 1967 1301 2034 est,
1337 1958 1406 2018 ni
1438 1957 1622 2019 fallor
1647 2004 1660 2031 ,
1695 1959 1765 2019 in
1799 1957 1856 2026 ὅς
1889 1975 2018 2019 non
2048 1956 2312 2040 Χριστός,
2346 1958 2512 2019 sicut
2547 1958 2616 2018 in
2654 1974 2843 2037 prae·
2945 1982 2955 1992 ·

716 2066 883 2127 senti
918 2073 1084 2127 textu
1110 2114 1123 2140 ‚
1157 2066 1269 2126 sed
1301 2063 1439 2132 Θεός
1470 2063 1667 2126 latere
1698 2063 1953 2127 debere.
1988 2064 2370 2143 Ceteroquin
2415 2084 2474 2125 v.
2518 2064 2555 2126 9
2590 2063 2845 2127 conclu-

713 2171 892 2233 sione
920 2188 1108 2249 aegre
1133 2178 1324 2244 caret,
1356 2188 1474 2231 nec
1505 2170 1851 2250 quisquam
1879 2171 2065 2232 facile
2097 2172 2451 2250 reperietur
2475 2171 2588 2250 qui
2623 2171 2844 2232 videre

716 2278 911 2359 possit
942 2295 1056 2339 cur
1087 2278 1360 2357 scriptus
1387 2277 1604 2339 fuerit.
1640 2278 1999 2340 Recordare
2019 2279 2300 2358 quaesol
2335 2277 2587 2350 Thess,
2616 2277 2695 2352 V,
2722 2277 2797 2338 24
2825 2302 2837 2337 :

711 2384 895 2453 πιστὸς
928 2390 957 2445 ὁ
988 2387 1169 2446 καλῶν
1198 2389 1334 2465 ὑμᾶς
1362 2434 1375 2460 ,
1419 2384 1476 2452 ὃς
1508 2385 1598 2446 καὶ
1635 2386 1844 2459 ποιήσει
1891 2402 1964 2447 ac
1999 2403 2252 2447 mecum
2293 2394 2709 2463 transpone...
2749 2381 2844 2456 τὴν

713 2488 1043 2573 ἀποκάλυψιν
1075 2502 1171 2550 τοῦ
1198 2491 1374 2573 κυρίου
1401 2497 1555 2572 ἡμῶν
1595 2490 1765 2565 Ἰησοῦ
1779 2495 2031 2575 Χριστοῦ.
2052 2491 2252 2559 Πιστὸς
2272 2497 2300 2551 ὁ
2321 2490 2479 2562 Θεὸς,
2510 2491 2575 2550 δι’
2602 2481 2660 2549 οἶ
2689 2489 2845 2564 ἐκλή-

712 2603 835 2671 θητε
867 2601 940 2666 εἰς
968 2599 1239 2660 κοινωνίαν
1279 2611 1376 2659 τοῦ
1409 2603 1519 2659 υἱοῦ
1553 2601 1716 2660 αὐτοῦ
1764 2597 1978 2677 [Ἰησοῦ
2026 2602 2258 2681 Χριστοῦ
2295 2605 2386 2659 τοῦ
2428 2604 2607 2682 κυρίου
2637 2596 2841 2677 ᾖμῶν],

713 2703 783 2779 ὃςβ
802 2704 894 2765 καὶ
926 2704 1205 2786 βεὸαιώσει
1236 2710 1372 2786 ὑμᾶς
1403 2739 1482 2751 -
1510 2708 1760 2788 Χριστοῦ.
1865 2749 1868 2752 Δ
2509 2709 2520 2721 “

795 2812 1044 2892 Nempe
1089 2811 1299 2874 fidelis
1333 2820 1431 2874 est
1463 2813 1637 2874 Deus
1680 2813 1792 2892 qui
1838 2829 1967 2873 non
2002 2812 2210 2875 solum
2256 2829 2364 2873 vos
2399 2812 2686 2886 vocavit,
2732 2811 2842 2872 sed

715 2920 908 2981 etiam
936 2937 1046 2982 vos
1075 2919 1558 2981 confirmabit..

796 3025 973 3087 Fieri
997 3033 1199 3105 potest
1225 3035 1296 3088 ut
1314 3027 1508 3088 verba
1538 3044 1702 3106 quae
1730 3025 1799 3086 in
1835 3027 2094 3088 uncinis
2117 3024 2378 3100 inclusi,
2414 3024 2687 3085 delenda
2713 3024 2845 3085 sint

678 3195 683 3212 ¹
716 3138 1024 3211 tanquam
1059 3132 1548 3212 dittographiae.

1612 3347 1676 3422 Ι,
1732 3347 1940 3408 14-15.

795 3557 1035 3620 Parum
1074 3559 1277 3637 placet
1311 3560 1782 3639 interpretatio,
1828 3578 2024 3639 quam
2059 3561 2268 3623 solent
2308 3570 2843 3624 commentatores

715 3667 793 3727 de
809 3666 913 3727 his
935 3686 994 3726 v.
1019 3666 1270 3727 afferre.
1300 3666 1570 3728 Miratur
1589 3669 1782 3729 Reuss
1809 3692 1835 3723 α
1861 3686 1985 3747 que
2006 3668 2164 3729 Paul
2186 3669 2279 3730 ait
2301 3688 2378 3729 eu
2402 3670 2626 3731 besoin
2650 3668 2844 3729 d'une

714 3774 975 3853 pareille
1011 3773 1530 3851 argumentation
1559 3781 1619 3833 et
1649 3774 1727 3834 de
1757 3782 1918 3835 cette
1945 3774 2249 3855 emphase
2279 3774 2653 3854 rhetor-ique
2683 3792 2845 3853 pour

714 3880 775 3941 la
806 3881 967 3942 faire
1000 3880 1198 3941 valoir
1225 3879 1317 3961 (je
1348 3880 1540 3941 rends
1572 3883 1760 3957 grace
1792 3883 1829 3940 a
1862 3881 2032 3944 Dieu
2059 3880 2261 3961 etc...)
2296 3907 2320 3934 υ
2365 3881 2642 3942 Miratur
2667 3882 2843 3942 simi-

714 3985 861 4049 liter
894 3995 958 4048 et
1004 3984 1211 4048 Godet.
1267 3987 1411 4048 Non
1458 3985 1643 4047 video
1694 3994 1908 4047 autem
1960 3986 2118 4064 quid
2171 3987 2501 4049 lucremur
2547 3987 2658 4049 illa
2705 3990 2844 4069 ejtis

716 4091 1160 4172 explanatione
1199 4116 1212 4152 z
1263 4117 1289 4147 α
1318 4091 1494 4154 Cette
1523 4091 1667 4154 idee
1702 4093 1876 4170 (d'un
1908 4093 2200 4172 bapteme
2230 4093 2612 4157 administre
2645 4114 2724 4157 en
2751 4114 2843 4157 un

714 4208 894 4262 autre
925 4217 1072 4261 nom
1111 4218 1235 4278 que
1266 4200 1432 4260 celui
1457 4200 1535 4261 de
1563 4200 1780 4278 Jesus)
1803 4250 1817 4277 ‚
1857 4204 1969 4280 qui
2001 4200 2414 4280 aujourd’hui
2444 4221 2609 4266 nous
2639 4207 2844 4283 parait
2913 4192 2916 4195 ’

776 4439 840 4501 (1)
870 4440 1204 4503 ἀπεκδέχομαι
1232 4458 1292 4481 ·:=
1322 4439 1545 4489 assidue
1575 4444 1629 4489 et
1661 4409 1936 4508 patienter
1966 4445 2248 4511 exspecto.
2282 4441 2564 4505 (Grimm.)
