3559 5609
886 815 946 860 66
1782 805 1909 862 VII,
1953 804 2117 854 10-17.

877 933 1191 1006 ‚quement
1201 969 1317 985 .....
1362 948 1387 977 »
1427 924 1569 983 Non
1612 922 1813 981 miror
1848 909 2152 999 equidem
2187 917 2620 1000 praesensisse
2651 915 3006 978 Dominum

883 1036 994 1115 (de
1028 1032 1310 1095 Domino
1345 1031 1522 1093 euim
1544 1075 1561 1103 ,
1598 1045 1726 1089 non
1759 1028 1839 1089 de
1870 1026 2075 1089 Paulo
2103 1025 2344 1105 agitur)
2376 1024 2682 1086 violatam
2709 1021 3008 1101 prohibi-

883 1143 1128 1205 tionem
1176 1141 1345 1215 fore,
1399 1138 1601 1199 miror
1647 1142 1866 1198 autem
1918 1152 2108 1206 eum,
2161 1152 2312 1197 cum
2344 1133 2467 1194 hoc
2495 1131 2894 1211 provideret,
2930 1130 3008 1190 ad

882 1250 1143 1314 noxiam
1176 1253 1416 1326 partem
1450 1263 1524 1307 se
1568 1243 1998 1317 convertisse,
2044 1242 2288 1318 scilicet
2323 1241 2403 1301 ad
2452 1241 2801 1319 conjugem
2845 1254 3010 1317 quae

880 1355 1233 1421 divortium
1266 1350 1648 1429 susceperit,
1683 1356 1755 1410 ut
1799 1346 1897 1408 illi
1931 1347 2249 1426 posterius
2273 1346 2446 1426 jussi
2478 1345 2832 1406 dimidium
2863 1344 3007 1405 des·

882 1468 1136 1529 tinaret.
1177 1462 1365 1538 Quod
1410 1457 1764 1520 dimidium
1804 1453 2070 1532 conjugi
2107 1453 2221 1532 qui
2266 1452 2528 1513 divortii
2572 1452 2830 1529 culpam
2879 1468 3008 1512 non

879 1573 1224 1640 committit
1259 1569 1582 1632 destinare
1616 1580 1745 1625 non
1784 1564 2008 1622 minus
2038 1576 2296 1622 necesse
2326 1565 2478 1621 erat.
2521 1533 2901 1636 Nunquam,
2939 1561 3011 1616 ut

880 1683 1227 1748 ostendunt
1254 1679 1448 1741 Jesus
1484 1675 1554 1734 in
1592 1689 1737 1750 syn.
1787 1668 2010 1743 verba,
2042 1666 2306 1745 conjugi
2355 1683 2596 1728 novum
2633 1662 3010 1736 contrahere

879 1787 1371 1853 matrimonium
1406 1782 1502 1842 fas
1537 1784 1668 1847 est,
1703 1777 2004 1854 quamvis
2038 1774 2181 1834 sine
2216 1774 2359 1853 ejus
2396 1772 2717 1834 desiderio
2764 1768 3007 1848 impul-

880 1915 1088 1978 suque
1122 1891 1474 1956 divortium
1509 1889 1937 1965 perpetratum
1967 1880 2186 1943 fuerit.
2226 1881 2302 1940 Et
2337 1878 2804 1956 congruentius
2832 1878 3007 1939 vide-

822 2053 827 2058 .
880 2015 986 2068 tur
1019 2005 1426 2084 praeceptum
1458 1994 1538 2070 ad
1567 1993 1982 2053 innocentem
2026 1988 2186 2050 verti
2226 2005 2424 2066 quam
2456 1987 2535 2047 ad
2567 1993 2815 2048 sontem
2852 2003 3006 2048 con-

874 2115 1123 2194 jugem.
1158 2106 1231 2168 Si
1259 2105 1410 2184 quis
1449 2100 1590 2179 conj
1605 2117 1685 2160 ux
1719 2105 1848 2158 tam
1882 2112 2112 2175 parum
2154 2093 2423 2156 Domini
2459 2094 2808 2155 observans
2839 2077 3003 2166 fuit,

878 2229 952 2284 ut
979 2213 1503 2282 interdictionem
1541 2208 1685 2287 ejus
1732 2208 1946 2281 aperte
1992 2200 2372 2280 explicatam
2417 2200 2720 2275 violaret,
2755 2199 3007 2261 minore

880 2330 1077 2394 etiam
1110 2318 1471 2387 reverentia
1509 2312 1874 2377 secundum
1912 2309 2077 2373 colet
2119 2308 2392 2370 vetitum
2428 2314 2489 2369 et
2518 2324 2585 2370 se
2620 2306 2808 2369 novis
2839 2323 3004 2388 nup-

878 2438 989 2499 tiis
1023 2429 1335 2513 conjungi
1371 2425 1560 2488 volet.
1605 2422 1805 2482 Porro
1839 2418 2025 2479 aliter
2060 2415 2385 2478 Dominus
2427 2415 2608 2495 loqui
2652 2413 2999 2476 debuisset.

877 2545 1026 2606 Non
1059 2538 1369 2620 potuisset
1400 2540 1530 2593 tam
1572 2527 1820 2608 placide
1863 2542 1937 2586 ac
1981 2523 2384 2600 negligenter
2426 2522 3002 2600 transgressionem

871 2649 1043 2731 jussi
1075 2646 1181 2710 sui
1211 2640 1641 2711 considerare,
1672 2650 1747 2695 ac
1774 2631 1965 2712 quasi
1999 2629 2275 2690 minime
2306 2628 2542 2689 miram
2572 2635 2684 2689 aut
2717 2629 3003 2690 offensu-

874 2775 1012 2822 ram
1061 2772 1200 2817 rem
1257 2750 1491 2811 ducere
1528 2770 1541 2806 ε
1589 2742 1679 2803 ἐὰν
1731 2738 1787 2800 δὲ
1831 2739 1921 2800 καὶ
1965 2742 2233 2820 χωρισθῇ,
2286 2734 2487 2816 μενέτω
2538 2738 2768 2816 ἄγαμος.
2825 2735 3003 2809 Quae

876 2862 1160 2943 praecise
1188 2859 1399 2936 figura
1442 2860 1535 2916 est
1569 2869 1697 2932 qua
1729 2848 1976 2910 Paulus
2013 2847 2217 2907 utitur
2250 2844 2595 2914 cumdicit
2634 2868 2646 2904 ι
2682 2867 2708 2899 α
2744 2842 3002 2905 Suadeo

875 2970 995 3033 tibi
1063 2985 1144 3030 ne
1200 2961 1618 3027 matrimonio
1675 2955 2142 3036 conjungaris,
2201 2951 2502 3013 utilitatis
2555 2956 2702 3013 tuae
2764 2966 2994 3023 causa;

873 3076 1045 3158 quod
1091 3074 1147 3135 si
1193 3079 1407 3132 tamen
1449 3064 1762 3146 conjungi
1809 3061 2012 3134 velis,
2057 3060 2222 3121 liber
2260 3075 2370 3132 eS,
2425 3075 2556 3119 non
2606 3056 2920 3135 peccabis.
2968 3080 2996 3111 n

871 3181 1154 3246 Dixisset
1199 3178 1414 3257 potius
1456 3172 1780 3235 Dominus
1818 3193 1830 3228 :
1871 3191 1898 3223 α
1944 3166 2016 3228 Si
2068 3165 2307 3228 mulier
2354 3163 2617 3226 divortii
2670 3169 3001 3241 peccatum

872 3286 1229 3359 commisit,
1284 3289 1346 3343 at
1386 3281 1611 3342 saltem
1659 3294 1741 3338 ne
1785 3276 2060 3337 alterum
2099 3271 2456 3344 committat
2495 3270 2829 3351 multoque
2863 3287 2996 3331 ma-

863 3398 998 3477 juS,
1033 3393 1279 3456 scilicet
1313 3407 1395 3451 ne
1428 3388 1508 3449 ad
1541 3403 1739 3447 novas
1778 3389 2056 3445 transeat
2088 3378 2381 3459 nuptias!
2425 3403 2451 3433 n
2487 3385 2597 3466 aut
2627 3378 2894 3439 similia.
2922 3410 2999 3422 -

867 3504 1035 3565 Vere
1080 3493 1604 3575 interpretaberis
1652 3490 1899 3552 habens
1947 3492 2266 3570 χωρισθῆναι
2310 3490 2370 3547 et
2420 3491 2652 3569 χωρισθῇ
2704 3502 2835 3547 non
2885 3501 2997 3563 pro

867 3610 1036 3672 med.
1088 3606 1198 3668 sed
1234 3620 1346 3682 pro
1388 3618 1556 3679 pass.
1606 3596 1913 3679 Χωρίζομαι
1956 3602 2069 3656 aut
2110 3611 2229 3656 vox
2276 3592 2531 3671 passiva
2579 3593 2788 3671 (cujus
2819 3590 2996 3654 verbi

867 3723 986 3780 act.
1023 3714 1234 3798 χωρίζω
1278 3712 1346 3772 in
1387 3709 1470 3770 N.
1509 3708 1581 3768 T.
1633 3703 1999 3780 adhibetur)
2041 3706 2153 3762 aut
2208 3701 2373 3763 med.
2428 3700 2786 3761 refractiva.
2830 3699 2996 3761 Ani-

864 3824 1190 3885 madverte
1233 3838 1292 3878 V.
1342 3815 1551 3899 χωρίζω
1605 3811 1794 3875 activ.
1853 3809 2154 3872 adhiberi*
2194 3808 2264 3868 in
2323 3806 2456 3869 illis
2504 3827 2560 3866 v.
2625 3806 2993 3886 synoptico-

865 3949 1012 3991 rum
1060 3927 1176 4007 qui
1224 3927 1486 4004 jussum
1530 3922 1591 3983 J.
1649 3919 1720 3981 C.
1777 3917 2113 3980 continent
2157 3915 2235 3976 de
2277 3931 2406 3993 quo
2461 3913 2707 3975 Paulus
2751 3911 2862 3973 hic
2894 3911 2993 3974 lo-

857 4023 1137 4119 quitur:
1173 4032 1346 4111 quod
1398 4028 1588 4108 quasi
1637 4024 1981 4089 concursio
2034 4039 2198 4084 nova
2249 4021 2441 4084 Pauli
2487 4020 2750 4099 et“Syn.
2805 4018 2987 4080 foret.

863 4146 941 4207 In
992 4143 1130 4205 loco
1172 4138 1357 4217 epist.
1415 4136 1495 4196 ad
1540 4132 1800 4195 Philem
1853 4129 1941 4212 (v.
1999 4128 2098 4210 15)
2146 4146 2343 4207 quem
2394 4128 2633 4190 Grimm
2664 4143 2796 4188 non
2842 4126 2993 4187 citat

863 4247 1189 4330 (quamvis
1228 4244 1380 4306 velit
1410 4240 1881 4316 contendatque
1919 4236 2178 4297 nullum
2208 4235 2716 4313 praetermisisse
2748 4233 2985 4304 locum,

862 4364 932 4418 ut
976 4353 1321 4416 asteriscus
1373 4345 1659 4427 probat),
1700 4343 1960 4426 ἐχωρίσθη
2007 4344 2075 4404 in
2132 4360 2283 4405 voce
2329 4342 2563 4421 passiV.
2618 4340 2986 4403 adhibetur.
