3559 5609
1576 909 1670 973 IV,
1707 910 1753 962 6.
2175 915 2183 923 ’
2671 912 2733 963 45

600 1031 813 1092 disset.
846 1029 1101 1092 Omissa
1121 1047 1158 1090 a
1179 1028 1461 1090 librariis
1485 1028 1676 1089 verba
1698 1007 1990 1109 γέγραπταί
2022 1034 2084 1087 et
2104 1036 2306 1109 φρονεῖν
2325 1026 2396 1087 in
2431 1030 2727 1108 margine

600 1138 916 1218 adscripta
950 1138 1232 1213 fuerunt,
1267 1144 1349 1212 et,
1386 1144 1455 1197 ut
1486 1135 1764 1215 opinior,
1794 1133 1864 1195 in
1887 1134 2196 1196 inferiore
2221 1134 2492 1213 paginae
2527 1143 2728 1216 parte,

602 1262 753 1308 cum
797 1246 964 1307 notis
1015 1243 1250 1323 quibus
1294 1242 1703 1304 indicabatur
1747 1242 1818 1302 in
1855 1249 2095 1302 textum
2142 1259 2216 1302 ea
2264 1241 2500 1305 iterum
2551 1243 2730 1306 inse-

604 1353 804 1414 renda
840 1371 976 1414 esse
1020 1351 1140 1433 (t),
1192 1352 1301 1413 sed
1346 1369 1509 1431 quae
1547 1350 1809 1429 posthac
1850 1349 2303 1411 animadversa
2346 1368 2475 1413 non
2524 1352 2727 1414 fuere.

605 1460 826 1522 Scriba
857 1460 1123 1538 quidam
1154 1459 1493 1539 conjunxit
1533 1458 1824 1541 γέγραπται
1865 1468 2099 1540 φρονεῖν,
2155 1465 2252 1535 et,
2290 1476 2439 1521 cum
2489 1460 2735 1522 intelli-

605 1578 783 1646 geret
824 1574 963 1646 post
1005 1565 1132 1649 ὑπέρ
1178 1566 1491 1627 excidisse
1540 1565 1829 1645 aliquid,
1879 1565 1951 1625 in
1995 1564 2059 1626 h.
2102 1565 2143 1626 l.
2194 1567 2389 1628 verba
2421 1568 2738 1646 marginis

606 1675 902 1736 inseruit.
963 1675 1222 1735 Lacuna
1275 1673 1592 1751 quaedam
1647 1682 1860 1733 tamen
1912 1680 2271 1751 supererat,
2331 1692 2527 1753 quam
2568 1677 2739 1755 per8

607 1781 883 1861 explevit
914 1801 926 1843 ε
970 1782 1141 1843 undo
1176 1779 1366 1842 lectio
1397 1781 1748 1860 byzantina
1775 1779 1838 1839 τὸ
1870 1777 1945 1858 μὴ
1974 1776 2100 1859 ὑπὲρ
2131 1779 2160 1840 ὃ
2192 1779 2482 1863 γέγραπται
2511 1795 2734 1866 φρονεῖν.

689 1889 819 1950 Alii
848 1889 1097 1950 librarii
1124 1897 1344 1950 contra
1372 1907 1428 1949 v.
1455 1898 1656 1971 φρονεῖν
1684 1886 2108 1963 neglexerunt
2137 1905 2208 1948 ac
2232 1889 2421 1950 modo
2447 1890 2739 1974 γέγραπται

610 2006 1055 2076 reposuerunt.
1106 1993 1360 2058 Deinde
1402 1996 1518 2056 alii
1547 1996 1577 2055 ὅ
1619 1977 1854 2075 (graec.
1890 1993 2060 2075 lat.),
2096 1995 2213 2056 alii
2246 1995 2280 2054 ἅ
2313 1995 2535 2079 (alex.)
2568 1999 2740 2063 inter

607 2106 733 2188 ὑπέρ
765 2114 826 2166 et
851 2105 1139 2187 γέγραπται
1174 2103 1667 2183 interpolarunt.

696 2215 974 2275 Verbum
1006 2223 1206 2295 φρονεῖν
1236 2212 1547 2274 omissum
1583 2210 1785 2272 fuisse
1820 2216 2051 2288 potest,
2089 2218 2434 2291 postquam,
2457 2214 2525 2274 in
2565 2221 2739 2279 textu

611 2321 848 2392 iterum
898 2321 1029 2400 jam
1077 2318 1445 2396 legerentur
1497 2334 1680 2379 voces
1734 2316 2028 2398 γέγραπται
2084 2327 2286 2400 φρονεῖν
2345 2320 2527 2397 Juxta
2586 2319 2740 2404 ὑπέρ.

612 2431 916 2489 Attamen
950 2427 1107 2487 haec
1138 2434 1289 2486 sunt
1326 2443 1491 2504 quae
1518 2424 1739 2485 animo
1775 2441 1920 2484 meo
1949 2422 2173 2484 malim
2207 2441 2558 2504 proponere
2594 2451 2606 2486 :

694 2534 972 2606 Librarii
1003 2534 1114 2613 qui
1137 2544 1338 2616 φρονεῖν
1367 2533 1640 2594 omisere
1665 2579 1682 2610 ‚
1711 2531 1952 2602 librum
1979 2532 2489 2594 transcribebant
2513 2534 2582 2594 in
2614 2552 2745 2614 quo

610 2642 1143 2704 discernebantur
1172 2640 1421 2720 liquido
1454 2647 1638 2702 notae
1668 2639 1761 2717 (in
1800 2638 2116 2718 margine)
2142 2622 2326 2718 'juxta
2352 2638 2644 2722 γέγραπται
2677 2650 2748 2703 et

611 2761 812 2833 φρονεῖν
851 2749 1117 2828 positae,
1157 2747 1236 2808 de
1279 2748 1517 2826 quibus
1556 2749 1690 2826 jam
1724 2762 1936 2807 sermo
1969 2745 2122 2821 fuit,
2162 2753 2354 2825 atque
2395 2747 2552 2809 item
2593 2757 2745 2811 nota

609 2858 792 2936 juxta
805 2857 930 2939 ὑπέρ
951 2856 1173 2936 posita.
1196 2855 1320 2917 Sed
1342 2865 1489 2916 nota
1507 2856 1795 2933 proxima
1811 2873 1873 2915 v.
1891 2854 2049 2914 πάλιν
2067 2852 2219 2934 (ΙΙΙ,
2242 2853 2346 2936 20)
2368 2865 2741 2919 evanuerat.

622 2963 894 3023 Librarii
953 2962 1154 3038 igitur
1204 2969 1629 3041 reposuerunt
1671 2969 1807 3039 post
1851 2958 1977 3042 ὑπέρ
2022 2962 2199 3040 prius
2253 2961 2522 3024 verbum
2576 2964 2747 3042 quod

622 3079 771 3131 nota
818 3069 1268 3144 comitabatur,
1305 3064 1444 3128 scil.
1501 3068 1716 3146 ipsum
1757 3067 2068 3150 γέγραπται.
2108 3069 2254 3129 Non
2288 3069 2750 3133 intellexerunt

621 3178 777 3257 quid
820 3177 943 3238 sibi
974 3175 1166 3236 vellet
1208 3194 1268 3235 v.
1316 3185 1547 3258 φρονεῖν;
1584 3182 1644 3235 et
1689 3191 1838 3264 cum
1884 3175 2177 3237 viderent
2206 3176 2325 3238 hoc
2366 3177 2749 3240 vocabulum

619 3285 686 3345 in
729 3284 856 3346 alio
902 3283 947 3344 l.
996 3281 1440 3362 reponendum
1488 3299 1560 3342 ac
1604 3280 1935 3364 γέγραπται,
1968 3281 2159 3343 illum
2192 3282 2236 3344 1.
2279 3283 2576 3348 invenire
2616 3302 2749 3348 non

620 3398 967 3471 potuerunt
1014 3388 1211 3471 (qnod
1256 3391 1407 3450 satis
1447 3390 1932 3472 percipiendum
1976 3388 2119 3470 est).
2161 3390 2523 3453 Consilium
2552 3392 2750 3471 igitur

618 3503 928 3579 ceperunt
969 3508 1039 3559 ut
1081 3497 1462 3559 vocabulum
1508 3498 1910 3574 omitterent,
1946 3506 2240 3576 putantes
2275 3499 2543 3562 fortasse
2577 3502 2646 3562 in
2677 3518 2752 3563 eo

619 3606 816 3669 latere
847 3605 1120 3684 legentis
1156 3605 1491 3685 cujusdam
1521 3605 1965 3684 importunam
1996 3607 2624 3670 annotatiunculam.

698 3691 999 3776 Ceterum
1022 3712 1455 3791 infrequentia
1482 3712 1660 3772 verbi
1690 3715 2023 3795 ὑπερφρονεῖν
2057 3713 2224 3791 quod
2257 3715 2325 3774 in
2353 3715 2436 3776 N.
2464 3716 2536 3776 T.
2563 3715 2751 3778 modo

621 3821 689 3882 in
726 3821 908 3901 Rom.
941 3868 953 3893 ‚
989 3821 1125 3881 XII
1152 3869 1165 3894 ,
1200 3819 1234 3881 3
1268 3819 1359 3900 (2)
1402 3819 1754 3898 reperitur,
1803 3814 2013 3881 errori
2045 3820 2304 3899 profuit.
2358 3821 2429 3883 Si
2467 3822 2594 3884 duo
2638 3823 2753 3885 illa

682 4037 747 4101 (1)
781 4037 1002 4088 Similes
1029 4039 1192 4084 notae
1213 4036 1272 4084 in
1297 4039 1455 4084 textu
1471 4036 1632 4097 juxta
1649 4048 1818 4085 voces
1844 4036 2195 4099 ponebantur
2225 4048 2398 4100 prope
2424 4049 2563 4101 quas
2584 4039 2755 4089 verba

540 4135 549 4142 '
622 4129 827 4178 omissa
856 4125 1202 4175 restituenda
1227 4129 1399 4174 erant.

683 4217 750 4280 (2)
782 4217 881 4266 Illa
912 4214 1310 4277 infrequentia,
1339 4228 1423 4262 me
1455 4217 1682 4263 auctore
1699 4250 1711 4273 ‚
1738 4214 1797 4262 in
1823 4214 1876 4263 h.
1908 4213 1942 4264 l.
1970 4227 2138 4262 causa
2165 4214 2272 4262 fuit
2297 4228 2396 4263 cur
2421 4215 2753 4281 interpreta-

623 4310 868 4355 mentum
910 4303 1224 4353 addiderint
1265 4303 1474 4351 librarii
1514 4305 1629 4370 παρ’
1670 4305 1696 4354 ὃ
1734 4304 1812 4354 δεῖ
1849 4307 2043 4369 φρονεῖν
2083 4303 2198 4367 (aut
2239 4311 2435 4369 φρονεῖν
2471 4308 2588 4374 παρ’
2623 4308 2650 4358 ὃ
2680 4309 2758 4359 δεῖ

622 4396 831 4462 φρονεῖν)
866 4394 1014 4457 quod
1064 4407 1189 4442 cum
1230 4394 1537 4442 orationem
1585 4393 1743 4443 Pauli
1786 4395 1947 4443 valde
1978 4407 2315 4458 exsanguem
2353 4398 2755 4462 verbosamque

624 4484 836 4543 reddat,
865 4482 1163 4532 deleverim
1187 4486 1251 4531 ut
1285 4483 1556 4532 scholium
1586 4483 1902 4546 marginale.
