3559 5609
1646 840 1794 903 xw,
1828 840 1902 890 12.
2751 839 2839 890 133

714 961 839 1017 tem
896 973 1010 1035 pro
1051 955 1407 1036 praedicato
1459 974 1520 1017 v.
1568 957 1722 1039 χάρις
1781 955 2128 1019 habentur.
2178 957 2350 1033 Quin
2415 959 2645 1036 etiam,
2706 974 2835 1021 non

708 1060 917 1123 solum
957 1062 1032 1122 in
1074 1068 1243 1124 textu
1284 1063 1612 1142 praesenti
1650 1063 1858 1145 ἄφωνον
1889 1081 1929 1125 a
1965 1070 2154 1145 φωνῶν
2183 1072 2503 1128 semotum
2548 1073 2682 1142 est,
2727 1067 2838 1129 sed

707 1169 786 1231 ad
835 1175 1020 1253 φωνῶν
1075 1188 1157 1231 ne
1206 1153 1805 1250 refertur'quidem,
1852 1170 2024 1251 quod
2061 1179 2274 1234 tamen
2308 1174 2578 1237 omnino
2627 1192 2840 1236 neces-

711 1277 955 1339 sarium
993 1278 1182 1352 foret,
1222 1286 1289 1338 ut
1328 1277 1571 1340 valeret
1601 1277 1792 1341 Godet
1829 1278 2196 1371 explanatio
2239 1304 2251 1339 :
2295 1280 2568 1343 refertur
2620 1289 2840 1344 contra

706 1385 784 1446 ad
823 1385 990 1465 γένος.
1042 1419 1110 1429 ——
1157 1385 1493 1448 Praeterea
1528 1402 1694 1466 quae
1724 1384 1929 1446 Paulo
1968 1384 2157 1446 datur
2199 1389 2517 1448 sententia
2570 1388 2841 1451 omnino

706 1494 909 1555 otiosa
959 1501 1055 1556 est
1101 1502 1293 1572 atque
1335 1493 1574 1554 inanis,
1627 1493 1820 1554 Recte
1873 1492 2099 1555 omnia
2146 1512 2214 1555 se
2260 1494 2501 1557 habent
2548 1503 2839 1576 transpo-

706 1600 997 1665 nendo...
1036 1610 1152 1669 πῶς
1195 1601 1555 1682 γνωσθήσεται
1594 1601 1655 1661 τὸ
1695 1599 2015 1681 λαλούμενον
2054 1601 2147 1662 καὶ
2191 1600 2336 1663 οὐδὲν
2373 1603 2619 1686 ἄφωνον;
2663 1603 2841 1666 ἔσεσθε

703 1707 804 1790 γὰρ
834 1712 907 1775 εἷς
941 1705 1069 1792 ἀέρα
1102 1711 1383 1776 λαλοῦντες
1417 1719 1650 1769 τοσαῦτα
1670 1756 1684 1784 ,
1723 1712 1769 1768 εἰ
1797 1706 1972 1789 τύχοι,
2002 1706 2125 1787 γένη
2154 1721 2341 1791 φωνῶν
2369 1719 2450 1779 <
2474 1709 2575 1770 ὅσοι
2600 1720 2681 1782 >
2714 1711 2842 1771 εἰσὶν

705 1817 760 1874 ἐν
785 1813 994 1898 κόσμῳ.
1041 1813 1170 1876 Ἐὰν
1193 1806 1282 1876 οὗν
1316 1862 1357 1878 ..
1390 1818 1565 1877 κτλ...

787 1922 950 1985 Cum
1000 1922 1454 1985 immutatione
1478 1972 1491 1998 ‚
1534 1930 1671 1984 tum
1711 1940 1745 1983 e
1788 1922 2195 2003 proximitate
2226 1941 2285 1984 v.
2321 1923 2450 1984 εἰσίν
2479 1923 2718 1986 factum
2748 1933 2844 1986 est

710 2038 779 2092 ut
825 2048 886 2090 v.
933 2028 1034 2091 ὅσα
1076 2039 1506 2092 evanesceret.
1548 2029 1890 2108 Significat
1936 2031 2268 2092 restitutus
2317 2029 2493 2094 locus
2528 2051 2541 2093 :
2582 2055 2609 2087 α
2648 2032 2746 2094 Ita
2781 2040 2842 2095 et

710 2153 855 2214 νοε,
908 2155 1022 2216 per
1078 2135 1373 2215 linguam
1422 2137 1553 2198 nisi
1602 2137 2022 2199 manifestum
2076 2154 2443 2200 sermonem
2498 2138 2839 2215 dederitis,

704 2245 1024 2326 quomodo
1054 2243 1456 2323 intelligetur
1498 2245 1568 2305 id
1598 2244 1768 2324 quod
1799 2244 2036 2307 dicitur
2060 2295 2074 2323 ,
2111 2246 2408 2325 quamvis
2447 2246 2720 2308 minime
2758 2245 2843 2308 sit

704 2354 954 2437 ἄφωνονὶ)
984 2354 1152 2415 Nam
1182 2352 1367 2415 eritis
1394 2353 1465 2413 in
1492 2370 1640 2415 aera
1670 2370 1897 2415 omnes
1926 2353 2221 2414 omnium
2252 2353 2547 2431 gentium
2582 2352 2840 2431 linguas

705 2460 1071 2539 loquentes!
1104 2483 1131 2515 »
1158 2492 1236 2505 -
1257 2460 1653 2540 symmetria
1683 2460 1999 2538 quaedam
2035 2465 2281 2521 constat
2300 2462 2470 2522 inter
2491 2481 2549 2521 v.
2573 2461 2665 2522 καὶ
2695 2460 2840 2522 οὐδὲν

705 2567 934 2650 ἄφωνον,
966 2578 1028 2627 et
1059 2585 1223 2628 vers.
1263 2567 1298 2625 7
1330 2585 1521 2646 quem
1560 2566 1803 2628 Grimm
1836 2565 2074 2646 (Meyer
2103 2566 2489 2648 assentiens)
2520 2568 2839 2648 interpre-

707 2683 876 2735 tatur
910 2695 924 2736 :
961 2699 991 2729 ι(
1026 2674 1461 2735 instrumenta
1494 2674 1661 2736 vitae
1692 2659 2008 2753 expertia,
2042 2673 2297 2736 etiamsi
2331 2693 2566 2737 sonum
2603 2675 2832 2750 edunt,

707 2790 953 2857 tamen,
1003 2780 1134 2842 nisi
1189 2781 1489 2842 distincte
1530 2788 1797 2857 sonant,
1840 2781 1953 2858 qui
1999 2780 2334 2858 dignosces
2376 2791 2546 2843 etc...
2587 2806 2614 2838 »
2651 2817 2726 2827 —
2764 2783 2841 2843 Et

707 2888 1047 2968 propositio
1098 2891 1277 2948 ἔσεσθε
1327 2921 1403 2932 -
1451 2894 1683 2947 τοσαῦτα
1720 2920 1799 2931 -
1837 2887 1960 2966 γένη
2006 2896 2193 2968 φωνῶν
2246 2906 2302 2947 v,
2358 2889 2568 2964 XIII,
2627 2889 2837 2950 1‘res-

706 2996 964 3076 ponde&

1594 3209 1752 3272 XIV
1771 3257 1789 3286 ,
1838 3211 1935 3274 12.

790 3483 1073 3542 Haerent
1098 3498 1327 3543 omnes
1355 3480 1737 3559 interpretes
1768 3479 1832 3539 in
1865 3479 2054 3540 verbo
2079 3480 2409 3559 πνευμάτων.
2448 3480 2630 3554 Quod
2663 3483 2834 3560 equi-

706 3589 852 3648 dem
889 3605 999 3668 pro
1031 3588 1265 3655 menda
1301 3588 1523 3649 habeo.
1562 3588 1824 3667 Repone
1855 3604 2107 3648 mecum
2138 3596 2580 3666 πνευματικῶν,
2618 3598 2679 3648 et
2728 3606 2834 3665 ge-

707 3697 981 3757 nuinam
1030 3702 1089 3756 te
1142 3713 1549 3775 recuperasse
1606 3693 1798 3754 Pauli
1851 3711 2119 3754 manum
2175 3694 2286 3755 tibi
2339 3712 2610 3774 sponsor
2661 3714 2831 3757 sum.

707 3802 968 3865 Similes
1006 3804 1500 3882 frequentesque
1542 3800 1956 3863 confusiones
1992 3799 2239 3861 iudicat
2281 3801 2432 3862 Bast
2471 3801 2834 3881 (AdJectiva

707 3910 776 3970 in
813 3934 920 3979 ικος
952 3917 1013 3970 et
1040 3933 1096 3976 ος
1130 3911 1396 3972 confusa
1424 3943 1505 3956 —
1534 3908 1867 3986 Adjectiva
1897 3908 1965 3968 in
2005 3929 2149 3975 τικος
2179 3916 2242 3968 et
2277 3908 2346 3967 in
2382 3930 2469 3975 τος
2522 3909 2829 3986 confusa).

708 4056 783 4065 --
815 4020 890 4080 In
925 4019 1057 4079 XII
1083 4064 1098 4092 ‚
1144 4017 1214 4076 10
1253 4026 1461 4078 tamen
1495 4017 1707 4094 legere
1738 4017 1972 4094 poteris
2008 4040 2018 4075 :
2059 4015 2310 4097 διάκρισις
2341 4017 2651 4095 πνευμάτων
2674 4064 2691 4091 ,
2725 4020 2835 4081 sed

705 4130 772 4189 in
808 4128 873 4187 h.
913 4127 952 4187 l.
992 4125 1259 4206 pluralis
1291 4142 1601 4186 numerus
1634 4126 1874 4204 optime
1915 4122 2300 4201 intelligitur
2324 4172 2338 4200 ,
2371 4125 2833 4203 interpretante

708 4253 837 4297 non
871 4232 1386 4311 Godet'quidem,
1422 4231 1531 4292 sed
1560 4233 1791 4313 Meyer.
