3559 5609
1584 854 1702 918 xv,
1737 854 1816 906 45.
2678 852 2766 904 147

631 969 903 1043 ζήσατι>
922 970 1158 1038 δικαίως.
1198 971 1406 1033 Verba
1427 971 1518 1032 καὶ
1540 970 1799 1044 (vienna
1828 969 1997 1033 male
2020 970 2245 1034 sedulo
2274 977 2626 1034 correctore
2651 987 2763 1050 pro

632 1076 1066 1158 dittographia
1092 1078 1300 1140 deleta
1334 1078 1616 1141 fuerunt.
1653 1079 1712 1141 Ν
1719 1096 1826 1140 am
1855 1076 1947 1139 καί
1976 1087 2038 1139 et
2069 1082 2130 1139 ἐκ
2163 1095 2311 1157 sape
2343 1079 2411 1140 in
2444 1079 2582 1143 cod.
2617 1095 2765 1140 con·

633 1186 998 1248 funduntur
1018 1184 1242 1266 (Bast).
1270 1186 1545 1249 Litterae
1571 1194 1786 1250 autem
1814 1211 1840 1246 ν
1871 1196 1932 1248 et
1952 1192 1992 1270 ψ
2015 1235 2028 1263 ,
2055 1187 2125 1248 in
2159 1187 2401 1250 unciali
2426 1189 2761 1267 scriptura,

631 1294 685 1355 si
714 1292 846 1354 sint
877 1310 1102 1373 parum
1133 1310 1394 1374 pronae,
1426 1310 1499 1355 ac
1530 1292 1703 1355 linea
1733 1302 1907 1355 recta
1937 1293 2184 1357 litterae
2213 1298 2253 1379 ψ
2289 1305 2390 1357 tan
2404 1302 2540 1357 tum
2572 1294 2759 1370 desit,

635 1417 745 1482 pro
776 1403 806 1470 ζ
836 1406 899 1462 et
931 1424 965 1461 σ
993 1398 1179 1463 facile
1209 1400 1435 1464 haberi
1471 1409 1761 1480 possunt.

1538 1618 1686 1695 XV,
1732 1619 1834 1681 42.

710 1836 958 1898 Haereo
990 1835 1063 1896 iu
1092 1835 1303 1897 Verbis
1341 1833 1507 1903 οὕτως
1537 1834 1630 1895 καὶ
1656 1838 1691 1909 ἡ
1728 1832 2015 1903 ἀνάστασις
2045 1843 2151 1894 τῶν
2180 1802 2391 1915 Ινεκρῶν
2422 1835 2500 1897 de
2528 1835 2763 1916 quibus

628 1940 797 2004 nihil
822 1943 951 2004 fere
982 1942 1061 2003 ab
1089 1942 1550 2021 interpretibus
1579 1942 1971 2004 doctissimis
2000 1942 2407 2005 observatum
2435 1943 2760 2005 invenies.

629 2050 700 2113 Si
731 2049 973 2113 Paulus
1003 2050 1214 2130 reipsa
1241 2049 1454 2112 dicere
1492 2048 1801 2112 volu1sset
1836 2069 1850 2112 ε
1890 2050 2033 2112 talis
2068 2058 2163 2112 est
2192 2050 2575 2112 resurrectio
2600 2066 2766 2111 mor·

628 2166 883 2222 tuorum
912 2206 927 2234 ,
979 2173 1197 2220 nonne
1242 2157 1454 2237 potius
1497 2157 1857 2238 scripsisset
1905 2157 2038 2232 αἴνιη
2084 2156 2192 2238 (cf.
2246 2157 2346 2219 IX
2376 2206 2390 2234 ‚
2438 2155 2551 2238 3)?
2587 2157 2760 2231 Quin

623 2266 851 2343 etiam,
888 2265 1034 2327 talis
1059 2272 1156 2328 est
1182 2265 1569 2328 resurrectio
1603 2264 1894 2345 qualis...
1930 2265 2130 2346 quid?
2164 2264 2391 2327 Fateor
2415 2281 2569 2325 sane
2605 2264 2764 2327 haec

622 2381 691 2437 ut
721 2390 896 2436 nunc
924 2381 1077 2436 sunt
1095 2372 1313 2454 aliquo
1333 2372 1523 2435 modo
1543 2371 1848 2453 explicari
1876 2389 2058 2452 posse
2087 2393 2100 2447 3
2130 2370 2243 2443 sed
2269 2372 2409 2432 veri
2437 2370 2605 2433 mihi
2627 2371 2762 2433 fere

620 2480 877 2543 videtur
895 2480 1178 2543 similius
1203 2498 1514 2561 reponere
1539 2498 1553 2542 ζ
1583 2478 1748 2548 οὕτως
1775 2480 1868 2542 καὶ
1891 2488 1927 2555 ἡ
1958 2479 2244 2549 ἀνάστασις
2262 2486 2357 2555 τῆς
2381 2478 2717 2563 νεκρώσεω
2736 2506 2760 2547 ς

619 2587 780 2667 (scil.
807 2586 1083 2672 διαφέρει).
1111 2586 1262 2651 Noli
1292 2587 1470 2650 enim
1499 2585 1794 2650 oblivisci
1819 2606 2042 2651 vocem
2068 2586 2318 2670 νέκρωσις
2351 2587 2540 2651 modo
2560 2587 2754 2651 bisin

622 2696 702 2759 N.
742 2695 814 2760 Τ.
849 2694 1119 2776 reperiri
1146 2743 1159 2771 ,
1192 2703 1255 2758 et
1286 2703 1539 2778 tantum
1572 2695 1645 2757 in
1678 2694 1868 2758 Pauli
1902 2694 2218 2774 epistulis,
2253 2696 2386 2759 imo
2418 2695 2490 2756 in
2522 2695 2758 2776 epistu-

620 2801 703 2865 lis
735 2802 816 2864 ab
842 2801 1123 2882 apostolo
1158 2819 1232 2865 eo
1264 2804 1403 2883 ipso
1436 2802 1640 2865 ferme
1685 2812 1966 2882 ternpore
2012 2820 2162 2864 cum
2202 2802 2477 2882 epistula
2517 2790 2596 2865 de
2631 2819 2760 2882 qua

619 2910 729 2973 hic
758 2911 972 2989 agitur
1000 2910 1252 2989 scriptis
1280 2913 1339 2989 (2
1369 2909 1543 2987 Cor.,
1579 2910 1692 2985 IV,
1728 2910 1836 2987 1ος
1870 2911 2088 2986 Rom„
2122 2908 2238 2985 IV,
2274 2909 2394 2986 19).

701 3017 960 3098 Peperit
998 3016 1312 3080 mendum
1345 3017 1788 3097 infrequentia
1821 3016 2013 3079 vocis.
2065 3016 2231 3079 Cum
2270 3017 2482 3079 littera
2510 3043 2536 3078 ε
2572 3017 2760 3080 facile

619 3133 830 3206 posset
868 3141 983 3206 pro
1022 3124 1288 3209 litterap
1322 3124 1548 3188 haberi
1579 3124 1819 3207 (Bast),
1841 3112 2030 3202 ‘legit
2068 3124 2376 3187 librarius
2402 3132 2436 3199 ἡ
2465 3125 2758 3194 ἀνάστασις

618 3239 710 3309 τῆς
738 3258 978 3316 νεκρως
1008 3233 1275 3318 σπείρεται
1311 3259 1323 3295 :
1363 3234 1533 3296 unde
1563 3218 1803 3296 facturn
1830 3242 1924 3295 est
1958 3241 2031 3295 ut
2058 3232 2381 3311 legeretur
2407 3239 2441 3306 ἡ
2467 3232 2759 3301 ἀνάστασις

617 3355 723 3403 τῶν
757 3354 952 3425 νεκρῶν
988 3346 1053 3420 (ω
1090 3366 1175 3414 =
1208 3367 1282 3402 ων
1325 3376 1402 3388 -
1434 3342 1630 3423 Bast).
1683 3340 2152 3422 Explicandum
2188 3342 2258 3402 in
2298 3341 2365 3401 h.
2405 3340 2445 3402 l.
2485 3342 2753 3404 Verbum

617 3449 901 3534 νέκρωσις,
935 3451 1102 3512 utin
1133 3452 1166 3510 2
1201 3451 1374 3525 Cor.,
1409 3450 1525 3527 IV,
1565 3450 1635 3511 10
1663 3447 1806 3530 (das
1835 3448 2390 3530 Gestorhensein).
2426 3474 2435 3481 ·
2550 3466 2559 3477 ·

1535 3662 1685 3740 xv,
1730 3642 1832 3729 45.

697 3885 770 3947 T.
806 3885 886 3946 R.
916 3885 982 3947 h.
1016 3902 1078 3946 v.
1112 3896 1245 3945 non
1276 3899 1546 3963 parvum
1595 3879 2055 3959 interpretibus
2097 3879 2436 3958 negotium
2471 3879 2748 3943 facessit.

617 3993 913 4055 Inveniri
941 4009 1072 4054 non
1098 3997 1303 4071 potest
1336 3987 1585 4068 aliquid
1610 3988 1681 4048 in
1709 3987 1787 4049 V.
1815 3986 1887 4047 T.
1915 3986 2086 4067 quod
2113 4007 2172 4048 v.
2207 3987 2313 4049 451³
2343 3987 2746 4067 respondeat.

617 4102 921 4163 Attamen
957 4106 1232 4174 constat,
1264 4098 1471 4159 invito
1497 4095 1718 4169 Godet,
1755 4096 1818 4155 τὸ
1844 4094 2133 4177 γέγραπται
2163 4096 2244 4156 ad
2286 4094 2414 4158 duo
2457 4095 2750 4157 membra

617 4208 859 4270 referri.
915 4207 1255 4269 Manifesto
1299 4214 1634 4284 corruptus
1676 4214 1770 4267 est
1820 4211 2046 4265 textuS.
2106 4204 2481 4266 Emendatio
2529 4214 2747 4267 autem

615 4315 939 4377 incertior.
983 4316 1159 4377 Licet
1189 4313 1363 4374 enim
1396 4329 1761 4373 asseverare
1792 4329 1827 4373 e
1861 4310 2240 4374 confusione
2267 4315 2340 4378 ὡς
2368 4319 2430 4372 et
2457 4313 2547 4371 καί
2577 4328 2747 4391 quae

617 4424 685 4484 in
740 4421 876 4485 cod.
936 4421 1158 4484 crebro
1206 4419 1484 4482 occurrit
1532 4417 1733 4499 (Bast,
1799 4417 2126 4499 Teurnier)
2175 4418 2476 4480 mendam
2527 4427 2744 4482 natam
