3559 5609
1575 811 1680 872 XI,
1715 811 1885 863 16-34.
2706 812 2794 865 113

663 925 831 987 tiani
864 933 930 988 et
957 925 1470 988 non-christiani
1520 941 1652 988 non
1697 933 2147 1006 opponuntur,
2184 933 2297 988 aut
2338 943 2492 988 vere
2531 934 2593 989 et
2638 927 2793 990 false

663 1032 1042 1108 christiani,
1078 1032 1189 1094 sed
1226 1049 1378 1095 vere
1417 1033 1759 1095 christiani
1801 1034 1936 1111 Jam
1978 1032 2299 1112 progressi
2329 1050 2403 1096 ac
2438 1035 2700 1109 maturi,
2733 1043 2798 1097 et

661 1156 812 1202 vere
836 1155 1092 1219 quoque
1124 1138 1469 1201 christiani
1517 1140 1629 1202 sed
1676 1140 1904 1203 minus
1940 1139 2262 1219 progressi
2310 1147 2373 1202 et
2420 1140 2531 1221 qui
2570 1158 2796 1221 parum

661 1245 1091 1326 profecerunt.
1125 1246 1334 1309 Probe
1381 1252 1533 1309 vero
1579 1245 1771 1309 Godet
1815 1246 2138 1327 legentem
2168 1246 2257 1335 ad·
2293 1248 2422 1325 IX,
2456 1249 2530 1310 27
2560 1247 2792 1329 rejicit.

579 1431 584 1437 ψ
663 1336 1229 1416 Vidimus'autem
1267 1353 1337 1414 in
1371 1353 1492 1417 hoc
1529 1352 1573 1415 l.
1610 1372 1671 1416 v.
1704 1351 1956 1435 ἀδόκιμος
1988 1371 2123 1418 non
2165 1378 2194 1411 α
2238 1355 2443 1418 salute
2472 1354 2793 1431 exclusus,

661 1461 1004 1524 damnatus
1037 1485 1067 1518 ι)
1093 1461 1487 1540 significare,
1522 1460 1632 1524 sed
1668 1485 1696 1518 ιι
1731 1480 1960 1525 carens
1988 1462 2377 1542 quibusdam
2408 1457 2794 1544 privilegiis,

662 1567 1018 1648 majoribus
1052 1567 1455 1631 mercedibus
1480 1613 1499 1644 ,
1533 1568 1752 1630 minus
1789 1568 1910 1630 Dei
1940 1584 2138 1648 regno
2171 1569 2383 1647 utilis,
2419 1578 2536 1633 etc.
2574 1593 2605 1627 »

739 1676 1128 1756 Ceteroquin
1154 1674 1224 1736 τὰ
1254 1675 1530 1758 σχίσματα
1573 1692 1634 1737 v.
1676 1677 1744 1738 21
1781 1694 1878 1756 sq.
1917 1676 2341 1739 definiuntur.
2395 1675 2524 1740 Sed
2553 1693 2685 1739 non
2716 1677 2798 1739 ad

662 1782 1177 1862 perturbationes
1204 1782 1351 1845 illas
1384 1800 1580 1863 quae,
1619 1783 1775 1845 dum
1808 1782 2025 1847 Coena
2049 1782 2515 1862 celebraretur,
2543 1785 2798 1849 evenis-

659 1890 814 1952 bant
836 1936 850 1964 ,
887 1897 1140 1952 tantum
1169 1890 1531 1970 pertinent3
1565 1890 1896 1971 pertinent
1931 1891 2130 1952 etiam
2178 1890 2260 1954 ad
2289 1892 2599 1955 scissuras
2631 1908 2795 1971 quas

658 1996 1065 2060 concitabant
1091 1996 1502 2059 charismata.
1538 1998 1662 2073 Ac,
1689 2015 1795 2060 me
1819 1997 2037 2078 judice
2063 2043 2077 2071 ,
2108 1997 2283 2061 idem
2303 1999 2383 2061 de
2408 2017 2466 2060 v,
2502 1997 2572 2060 19
2603 1996 2790 2061 valet.

661 2105 747 2167 Hi
783 2105 910 2167 duo
940 2123 1000 2167 v.
1033 2103 1226 2184 plane
1259 2104 1559 2168 universe
1590 2103 1749 2167 dicti
1777 2112 1953 2180 sunt,
1990 2113 2052 2166 et
2081 2122 2214 2167 una
2242 2103 2442 2168 simul
2476 2106 2557 2167 ad
2592 2106 2793 2169 finem

657 2230 796 2293 cap.
831 2213 930 2276 XI
962 2220 1025 2276 et
1049 2213 1134 2275 ad
1163 2212 1552 2276 charismata
1580 2212 1651 2274 in
1676 2229 1814 2292 cap.
1852 2213 1982 2275 XII
2015 2231 2110 2293 sq.
2145 2214 2457 2293 explicata
2480 2222 2790 2294 spectant.

659 2321 896 2384 Nonne
942 2321 1097 2382 satis
1144 2320 1385 2383 habere
1431 2327 1602 2400 potes
1626 2369 1640 2396 ,
1677 2320 1732 2382 si
1764 2319 2260 2400 explicationem
2305 2322 2479 2384 vocis
2517 2321 2791 2405 διαιρέσεις

657 2447 722 2491 V.
757 2426 829 2489 19
863 2427 933 2488 in
967 2443 1105 2507 cap.
1143 2427 1276 2488 XII
1317 2426 1815 2507 deprehendas?
1855 2428 1941 2489 At
1983 2435 2136 2490 sunt
2177 2428 2370 2490 etiam
2416 2428 2690 2512 διαιρέσεις
2718 2429 2789 2492 in

655 2535 846 2615 capit.
881 2534 1047 2625 XII,
1091 2542 1163 2597 ut
1206 2533 1588 2616 plerumque
1629 2534 1875 2612 solent,
1915 2535 2210 2615 explicati
2257 2536 2388 2599 fine
2424 2556 2440 2598 ε
2492 2545 2649 2599 sunt
2678 2536 2790 2600 alii

656 2641 887 2705 divites
914 2688 932 2720 ,
990 2641 1104 2704 alii
1159 2644 1385 2707 contra
1440 2660 1774 2722 pauperes.
1827 2643 2154 2723 Pauperes
2190 2660 2265 2711 ac
2304 2643 2534 2706 divites
2584 2659 2790 2725 aeque

655 2750 859 2833 δόκιμοι
889 2751 1033 2813 fleri
1074 2732 1382 2833 possunt,
1420 2751 1474 2813 si
1503 2750 1695 2815 modo
1726 2769 1795 2813 se
1837 2751 2029 2832 plane
2066 2750 2291 2815 fideles
2329 2752 2677 2833 praebeant
2716 2768 2791 2814 ac

654 2859 928 2939 perfecte
975 2876 1044 2921 se
1087 2858 1490 2921 sanctificent
1518 2858 1591 2919 in
1627 2876 1744 2920 sua
1776 2858 2052 2938 quisque
2097 2858 2467 2921 conditione
2509 2875 2583 2921 ac
2617 2858 2790 2921 vitae

653 2973 841 3028 statu.
877 2966 1117 3027 Πάντοτε
1145 2963 1265 3034 τοὺς
1289 2963 1536 3048 πτωχοὺς
1568 2965 1719 3047 ἔχετε
1743 2963 1873 3045 μεθ’
1899 2970 2133 3042 ἑαυτῶν,
2166 2966 2328 3027 dixit
2346 2966 2386 3027 J
2391 2984 2540 3028 esus
2574 2990 2587 3028 z
2623 2983 2789 3046 quae
2882 2967 2893 2977 ’

653 3073 970 3135 sententia
1038 3073 1221 3135 nobis
1292 3080 1354 3136 et
1423 3091 1458 3134 a
1531 3073 1837 3136 ‚Iohanne
1903 3072 2100 3154 (XII,
2171 3072 2238 3154 8)
2307 3080 2369 3135 et
2425 3090 2463 3135 a
2525 3081 2782 3153 synopt.

649 3179 936 3261 (Matth.,
969 3180 1229 3256 XXVI,
1266 3180 1333 3241 11
1365 3201 1380 3257 3
1419 3180 1616 3245 Marc.
1644 3229 1659 3257 ,
1703 3180 1887 3255 XIV,
1924 3179 1989 3261 7)
2018 3179 2250 3241 tradita
2290 3187 2405 3242 est.
2443 3179 2787 3243 Distinctio

651 3288 824 3350 inter
848 3287 1077 3351 divites
1106 3305 1180 3350 ac
1209 3304 1520 3367 pauperes
1549 3305 1587 3349 a
1614 3287 1749 3350 Deo
1779 3287 1968 3367 quasi
2002 3286 2302 3350 instituta
2333 3294 2450 3362 est,
2480 3304 2685 3367 aeque
2713 3303 2788 3350 ac

651 3393 884 3456 divisio
930 3393 1141 3471 gentis
1183 3392 1512 3455 humanae
1561 3393 1633 3454 in
1668 3393 2041 3472 ‚singularia
2087 3393 2318 3473 capita.
2371 3394 2591 3456 Bonae
2634 3396 2789 3456 sun't

652 3499 804 3563 illae
838 3500 1232 3576 divtsiones5
1262 3499 1655 3581 illarumque
1704 3500 1951 3563 Paulus
1995 3502 2312 3564 rationem
2356 3500 2621 3563 indicat.
2659 3499 2786 3563 Sed

651 3606 717 3668 τὰ
748 3606 1024 3689 σχίσματα
1058 3625 1252 3687 prava
1291 3616 1444 3670 sunt
1489 3625 1563 3670 ac
1605 3609 2052 3671 condemnata.
2099 3607 2442 3688 Apostolus
2490 3626 2564 3669 ex
2607 3616 2785 3687 parte

652 3715 854 3777 credit
882 3714 1029 3777 illas
1065 3716 1457 3778 necessarias
1489 3706 1680 3795 atque
1714 3715 2005 3793 egregias
2041 3714 2314 3797 διαιρέσεις
2346 3716 2485 3795 jam
2516 3713 2786 3776 initium

651 3823 963 3913 σχισμάτων
994 3823 1335 3903 peperisse.
1369 3822 1524 3886 Noli
1552 3823 1750 3901 igitur
1773 3839 1923 3883 cum
1955 3819 2145 3884 Godet
2164 3820 2577 3900 interpretari
2610 3840 2625 3882 ε
2663 3842 2692 3877 ιι
2723 3818 2781 3881 Il

652 4038 678 4069 (ι
707 4022 893 4087 places
925 4023 957 4071 a
986 4025 1214 4072 dessein
1250 4026 1405 4072 entre
1433 4023 1515 4074 les
1540 4027 1735 4087 paiens
1761 4027 1817 4072 et
1846 4021 2068 4086 l’Eglise
2099 4037 2123 4069 ι)
2153 4022 2301 4071 inter
2325 4034 2572 4086 paganos
2602 4023 2657 4069 et
2687 4018 2783 4069 Ec·

650 4111 874 4162 clesiam
904 4113 1130 4161 omnino
1159 4124 1275 4161 non
1299 4116 1447 4162 sunt.
1472 4112 1681 4176 Pagani
1703 4116 1899 4163 contra
1922 4114 2052 4161 sunt
2076 4111 2223 4160 inter
2247 4110 2504 4187 Judaeos·
2518 4114 2573 4159 et
2600 4109 2781 4169 Eccle-

651 4202 805 4253 siam.
839 4205 1009 4252 Godet
1054 4216 1167 4252 non
1206 4203 1387 4251 solum
1425 4203 1632 4264 textui,
1679 4203 1778 4252 sed
1822 4215 1957 4252 suae
1992 4202 2113 4265 ipse
2164 4202 2513 4250 translationi
2559 4204 2780 4251 contra-

651 4291 804 4353 dicit,
837 4293 1043 4356 quippe
1082 4293 1177 4355 qui
1216 4292 1285 4341 ad
1328 4293 1476 4341 hunc
1524 4292 1750 4342 modum
1780 4295 1965 4343 vertat
1995 4306 2005 4341 :
2042 4309 2065 4338 «
2098 4292 2328 4356 Agissez
2369 4292 2437 4340 de
2477 4289 2720 4341 maniere
2750 4290 2784 4339 a

647 4381 818 4431 n'etre
845 4396 914 4432 en
939 4383 1195 4432 scandale
1226 4383 1282 4431 ni
1309 4396 1418 4431 aux
1448 4372 1611 4443 Juifs,
1643 4383 1699 4431 ni
1731 4396 1842 4431 aux
1873 4382 2062 4443 Graes,
2094 4382 2151 4431 ni
2183 4381 2215 4430 a
2237 4381 2477 4445 l’Eglise.
2512 4399 2535 4429 »

2415 4474 2451 4534 8
