3559 5609
1482 874 1602 931 XV,
1638 869 1679 922 1.
2561 872 2652 926 189

1447 1071 1596 1151 XV,
1648 1074 1706 1137 ι.

597 1245 785 1309 Godet
816 1248 1131 1310 assentior
1159 1248 1270 1328 qui
1296 1247 1578 1311 ostendit
1599 1247 1794 1310 verbo
1822 1244 2084 1330 γνωρίζειν
2108 1245 2646 1324 significationem

521 1378 547 1408 ι
585 1354 655 1414 in
691 1355 1071 1416 memoriam
1107 1372 1408 1418 revocare
1454 1379 1482 1411 ι»
1532 1355 1676 1416 dari
1723 1371 1851 1416 non
1898 1369 2100 1434 posse.
2143 1353 2263 1415 Fas
2300 1359 2394 1416 est
2428 1361 2643 1416 autem

514 1461 832 1542 conjicere
864 1458 1143 1524 Pa'ulum
1172 1463 1358 1525 aliter
1389 1464 1720 1544 periodum
1755 1462 2191 1543 composuisse
2217 1479 2424 1539 suam,
2457 1463 2536 1537 si,
2576 1470 2646 1524 ut

512 1576 881 1629 asseverant
917 1567 1170 1632 Holsten
1215 1579 1276 1633 et
1317 1571 1538 1648 Godet,
1586 1570 1894 1633 voluisset
1939 1593 1969 1626 «
2016 1568 2328 1631 humilier
2366 1587 2465 1631 ses
2509 1567 2643 1629 lec-

513 1683 707 1737 teurS.
749 1700 775 1732 n
811 1676 1063 1739 Vitiosa
1094 1684 1188 1738 est
1223 1677 1288 1738 h.
1324 1697 1385 1739 v.
1429 1678 1888 1758 interpunctio,
1931 1677 2166 1739 Notam
2195 1675 2641 1753 interrogatio-

512 1784 611 1845 nis
643 1783 723 1866 (3)
753 1802 898 1845 cum
931 1792 1073 1863 post
1100 1789 1353 1859 σώζεσθε,
1389 1795 1522 1848 tum
1557 1795 1695 1867 post
1720 1785 1977 1867 κατέχετε
2000 1802 2256 1864 repone.
2289 1819 2366 1828 --
2401 1807 2429 1839 α
2463 1784 2640 1846 Num

473 1912 481 1917 ·
511 1892 675 1953 mihi
708 1892 1194 1972 suscipiendum
1231 1903 1326 1955 est
1360 1894 1451 1976 (1)
1491 1912 1604 1957 vos
1635 1894 1971 1975 (tanquam
2016 1892 2276 1970 ignaros
2310 1890 2426 1971 qni
2455 1891 2534 1952 de
2568 1907 2642 1952 eo

509 2017 847 2078 nunquam
890 2000 1293 2079 audiverint)
1338 2001 1751 2079 evangelium
1800 2001 2026 2062 docere
2066 1998 2237 2079 quod
2279 1997 2641 2078 praedicavi

508 2106 685 2168 vobis
710 2155 724 2182 ,
761 2106 929 2186 quod
960 2116 1019 2167 et
1048 2108 1415 2187 accepistis,
1447 2109 1514 2169 in
1552 2124 1681 2187 quo
1721 2115 1784 2170 et
1822 2106 2039 2183 statis,
2073 2125 2185 2186 per
2215 2105 2388 2186 quod
2420 2113 2481 2166 et
2513 2102 2641 2166 sal-

507 2215 755 2275 vamini
772 2216 801 2274 't
823 2215 1075 2288 Quibus
1102 2216 1313 2277 verbis
1335 2219 1490 2296 (qua
1524 2215 1792 2294 ratione)
1819 2215 1985 2276 illud
2007 2214 2189 2277 vobis
2214 2212 2640 2291 Evangelium

506 2321 893 2401 praedicavi,
926 2321 1177 2404 (dicite)
1203 2325 1257 2385 si
1288 2325 1528 2406 (tamen
1554 2333 1665 2385 aut
1695 2323 1979 2405 quando)
2007 2322 2318 2384 servatis?
2351 2322 2478 2383 nisi
2507 2321 2634 2382 for-

507 2440 670 2492 tasse
701 2431 935 2493 frustra
963 2431 1327 2507 credidistis
1352 2431 1466 2513 (2).
1496 2457 1522 2488 ι
1559 2432 1721 2494 Cum
1751 2429 1942 2494 Godet
1965 2432 2197 2512 opinor
2225 2431 2382 2491 haec
2408 2429 2638 2491 ultima

506 2539 698 2599 verba
748 2539 1115 2616 significare
1165 2561 1178 2600 ε
1232 2564 1259 2596 α
1300 2540 1425 2602 nisi
1464 2540 1623 2602 fides
1662 2547 1872 2601 vestra
1910 2538 2095 2600 irrita
2133 2545 2372 2599 manet.
2427 2559 2458 2592 »
2511 2534 2636 2597 Sed

503 2644 634 2707 illis
667 2647 876 2708 verbis
909 2653 1156 2709 tantum
1191 2648 1369 2709 abest
1402 2657 1471 2709 ut
1499 2647 1733 2710 addam
1769 2666 1782 2710 z
1824 2671 1851 2702 α
1879 2647 2031 2727 quia
2061 2647 2200 2727 ejus
2230 2643 2502 2707 materia
2531 2644 2636 2704 ni-

500 2751 599 2814 hil
634 2752 822 2816 solidi
849 2753 1156 2834 firmique
1194 2755 1409 2831 habet,
1443 2778 1472 2812 n
1512 2763 1581 2817 ut
1614 2761 1839 2817 contra
1867 2754 2100 2816 addam
2133 2771 2147 2815 :
2193 2776 2221 2809 α
2254 2755 2406 2834 quia
2435 2752 2632 2814 fidem

501 2877 642 2921 eam
689 2859 1059 2939 relinquitis
1086 2907 1100 2933 ,
1143 2862 1301 2940 quia
1340 2862 1668 2923 doctrinas
1701 2861 2056 2940 sequimini
2091 2878 2241 2922 cum
2271 2859 2495 2921 eadem
2530 2875 2630 2919 re-

501 2974 886 3045 pugnantes,
930 2990 957 3022 »
1000 2999 1081 3013 -
1119 2966 1292 3030 Ordo
1331 2985 1403 3028 ac
1434 2969 1594 3030 ratio
1623 2985 1748 3047 qua
1784 2967 2138 3029 sententiae
2165 2967 2337 3027 inter
2368 2982 2436 3027 se
2465 2966 2632 3027 exci-

502 3073 691 3154 piunt
738 3073 807 3133 in
857 3073 1075 3153 aprico
1129 3082 1242 3134 est.
1286 3074 1496 3135 Priori
1547 3073 2035 3151 interrogationi
2086 3092 2100 3134 ε
2153 3097 2181 3128 <1
2230 3073 2407 3134 Num
2450 3072 2631 3133 vobis

500 3179 672 3240 istud
705 3179 1135 3259 Evangelium
1166 3181 1644 3259 praedicabo...,
1677 3205 1703 3236 ι
1745 3180 2077 3261 responsio
2112 3180 2272 3243 haec
2304 3186 2396 3241 est
2421 3179 2628 3240 mani-

501 3289 657 3349 festo
707 3306 719 3348 τ
775 3314 799 3341 α
842 3288 988 3350 Non
1021 3288 1418 3367 praedicabo,
1456 3288 1811 3369 Accepistis
1842 3290 2094 3351 enirn...
2129 3297 2298 3351 etc...
2342 3312 2369 3345 »
2414 3287 2633 3366 Pergit

499 3393 742 3456 Paulus
778 3413 792 3455 z
832 3419 858 3450 α
893 3395 1171 3469 Quando
1217 3396 1284 3456 id
1325 3398 1590 3457 servatis
1629 3399 1697 3475 (εἰ
1729 3396 2053 3478 κατέχετε),
2096 3397 2332 3476 quibus
2372 3396 2585 3458 verbis
2612 3445 2629 3476 ,

498 3520 624 3581 qua
657 3503 902 3565 ratione
927 3503 991 3562 id
1025 3504 1202 3565 vobis
1231 3504 1646 3584 praedicavi?
1675 3504 1856 3567 Scire
1886 3505 2150 3581 debetiS‚
2180 3523 2329 3565 nam
2355 3505 2420 3565 id
2448 3505 2628 3566 vobis

497 3610 856 3688 praedicavi
900 3619 960 3675 et
1002 3611 1363 3674 credidistis
1397 3613 1554 3694 (nisi
1605 3613 1766 3675 forte
1811 3613 2088 3674 desiistis
2129 3612 2435 3694 credere).
2469 3612 2626 3673 Tra-

496 3716 635 3777 didi
679 3718 855 3777 enim
900 3718 1159 3781 vobis..
1198 3720 1422 3799 Itaque
1468 3720 1603 3780 sive
1647 3737 1795 3798 ego,
1834 3720 1972 3781 sive
2012 3716 2151 3793 illi,
2187 3720 2277 3780 sic
2307 3718 2628 3800 praedica-

495 3842 664 3899 muS,
701 3831 762 3884 et
792 3824 885 3886 sic
915 3826 1303 3887 credidistis
1344 3852 1370 3882 n
1413 3825 1604 3889 Godet
1629 3827 1857 3887 merito
1889 3827 2134 3889 notavit
2162 3843 2312 3888 voce
2345 3824 2480 3885 οὕτω
2516 3843 2625 3886 ex-

494 3951 712 4012 presse
761 3950 946 3995 voces
994 3933 1093 3994 τίνι
1134 3933 1277 4018 λόγῳ
1318 3936 1698 4013 significari.
1752 3933 1864 3997 Sic
1913 3955 1974 3995 v.
2032 3937 2169 3997 1-11
2232 3937 2430 3997 nostri
2483 3954 2620 4015 cap.

491 4043 676 4121 quasi
702 4041 770 4102 in
802 4058 1031 4120 corpus
1058 4042 1465 4121 rediguntur,
1487 4052 1548 4104 et
1570 4043 2114 4122 argumentationi
2142 4061 2306 4122 quae
2331 4043 2626 4123 sequitur

495 4151 562 4225 (εἷ
591 4146 645 4210 δὲ
674 4151 748 4211 Χ.
784 4146 1101 4231 κηρύσσεται
1133 4147 1222 4229 (v.
1261 4149 1489 4231 12)...),
1524 4159 1714 4214 erunt
1741 4151 1924 4231 quasi
1954 4162 2162 4231 caput.

554 4361 619 4424 (1)
652 4361 735 4411 cf.
766 4362 988 4426 δείκνυμι
1017 4364 1075 4411 in
1104 4363 1226 4423 xn,
1256 4363 1329 4413 31.

552 4450 617 4513 (2)
652 4450 734 4502 cf.
769 4451 798 4500 2
828 4450 975 4513 cor„
1009 4452 1157 4515 xm,
1193 4455 1220 4504 5
1240 4466 1253 4514 ;
1289 4453 1426 4515 Gal„
1460 4454 1566 4515 111,
1595 4454 1639 4504 4.

2574 5458 2641 5585 *Q
