3559 5609
855 818 916 869 62
1785 819 1890 869 vn
1903 858 1916 882 ‚
1953 819 2064 870 6-9.

858 937 1091 998 iisdem
1152 937 1585 1016 temporibus·
1623 938 1849 1016 Itaque
1895 953 2136 1015 quaero
2186 956 2200 997 ε
2256 960 2284 990 «
2353 936 2496 1009 Quo
2550 940 2730 1014 pacto
2782 936 2989 1014 potuit

859 1044 1106 1106 Paulus
1135 1062 1523 1123 magnopere
1556 1044 1721 1107 velle
1741 1043 2056 1106 omnihus
2078 1042 2462 1106 hominibus
2481 1042 2622 1104 dari
2643 1041 2987 1104 stimulum

857 1151 1114 1213 carnis?
1149 1151 1486 1226 Quomodo
1524 1152 1720 1214 etiam
1759 1149 2000 1229 gestire
2036 1151 2242 1229 potuit
2269 1166 2498 1211 omnes
2533 1148 2833 1211 homines
2849 1148 2989 1226 jam

858 1256 1123 1320 stimulo
1145 1259 1359 1320 carnis
1384 1256 1691 1320 laborasse
1708 1260 1740 1319 ?
1776 1282 1804 1314 ιι
1833 1256 2110 1319 Illorum
2133 1256 2333 1318 trium
2355 1256 2399 1317 l.
2424 1255 2763 1332 beneficio,
2786 1256 2991 1335 possis

857 1364 1110 1426 efficere
1169 1371 1239 1426 ut
1289 1365 1535 1427 Paulus
1587 1383 1841 1444 sempor
1895 1364 2540 1444 tranquillissimam,
2577 1363 2989 1444 jucundissi-

857 1490 1063 1546 mam,
1116 1472 1395 1535 minime
1434 1474 1800 1552 inquietam
1841 1474 2039 1533 vitam
2085 1472 2352 1551 degerit.
2385 1505 2466 1517 -
2493 1471 2813 1551 Equidem
2857 1488 2988 1533 non

856 1580 1172 1644 contendo
1206 1580 1487 1642 Paulum
1521 1581 1796 1644 viduum
1841 1582 2048 1643 fuisse
2096 1605 2108 1641 :
2159 1597 2278 1642 nec
2317 1579 2452 1642 scio
2492 1597 2613 1641 nec
2657 1597 2761 1641 me
2798 1580 2987 1659 igno-

853 1688 1136 1750 rantiam
1168 1704 1379 1750 meam
1413 1688 1600 1750 fateri
1638 1689 1852 1767 pudet.
1891 1689 2117 1750 Fateor
2145 1688 2213 1748 in
2247 1686 2353 1748 his
2383 1705 2443 1750 v,
2468 1686 2638 1748 nihil
2668 1686 2987 1748 contineri

854 1795 1026 1875 quod
1057 1797 1505 1874 quaestionem
1538 1796 1674 1858 sive
1710 1794 1863 1859 hinc
1892 1796 2027 1858 sive
2062 1795 2248 1858 illinc
2274 1794 2519 1858 solvere
2551 1794 2771 1875 possit.
2806 1793 2986 1857 Cete-

854 1921 1002 1965 rum
1035 1901 1224 1966 Godet
1245 1904 1384 1982 ipse
1412 1902 1594 1964 illam
1621 1904 1878 1966 tandem
1912 1905 2298 1965 sententiam
2322 1902 2502 1965 effert
2528 1920 2695 1981 quae
2719 1902 2987 1982 paulum

856 2028 1007 2075 cum
1041 2011 1155 2072 illa
1197 2011 1515 2089 discrepat
1548 2028 1748 2092 quam
1789 2012 2078 2090 primum
2121 2010 2494 2072 defenderat
2532 2033 2545 2070 :
2588 2032 2618 2066 «
2661 2009 2876 2072 L’idee
2910 2009 2988 2070 de

855 2118 1195 2180 domeurer
1224 2133 1476 2179 comme
1506 2116 1669 2178 Paul
1690 2164 1704 2193 ,
1738 2116 1987 2196 d'apres
2015 2116 2077 2178 16
2114 2133 2266 2178 36ι]3
2302 2117 2594 2197 (Γᾶγαμοι,
2630 2121 2780 2193 peut
2809 2131 2985 2177 com·

854 2225 1127 2304 prendre
1157 2224 1220 2286 la
1246 2226 1702 2304 perseverance
1732 2225 1896 2287 dans
1924 2224 1983 2286 le
2016 2223 2271 2301 celibat,
2297 2224 2478 2285 aussi
2508 2223 2659 2284 bien
2686 2240 2813 2301 que
2832 2221 2989 2285 celle

855 2331 1017 2394 dans
1050 2330 1221 2394 l’etat
1250 2333 1329 2395 de
1356 2350 1642 2412 veuvage
1676 2355 1705 2388 »
1746 2335 1831 2412 (p.
1859 2331 2027 2414 301).
2064 2332 2206 2393 Fiat
2236 2349 2412 2394 sane.
2450 2330 2576 2392 Sed
2608 2330 2821 2392 dicere
2853 2352 2884 2386 «
2911 2330 2990 2392 de

854 2438 1175 2502 coelibatu
1205 2441 1422 2519 agitur
1442 2466 1470 2497 ιι
1504 2458 1636 2502 non
1667 2441 1875 2519 magis
1903 2441 2001 2502 fas
2032 2446 2126 2502 est
2146 2458 2345 2519 quam
2373 2440 2588 2502 dicere
2620 2463 2649 2495 «
2677 2438 2755 2500 de
2781 2438 2992 2499 vidui-

855 2553 1000 2609 tate.
1042 2571 1070 2602 »
1106 2545 1597 2624 Significatione
1628 2546 1877 2608 Paulus
1906 2547 2181 2626 appellat
2217 2545 2415 2609 suum
2448 2553 2848 2625 praesentem
2880 2543 2992 2606 ha-

856 2653 1066 2715 bitum
1102 2672 1117 2715 ε
1153 2670 1418 2715 uxorem
1448 2672 1578 2718 non
1611 2654 1826 2717 hahet.
1860 2654 2047 2716 Nihil
2081 2656 2264 2734 pouit
2301 2673 2375 2716 ex
2409 2671 2539 2733 qno
2571 2653 2991 2715 concludatur

854 2777 1006 2822 eum
1036 2760 1195 2823 olim
1225 2760 1429 2823 fuisse
1459 2769 1571 2823 aut
1603 2779 1732 2824 non
1765 2762 1970 2825 fuisse
2002 2762 2418 2825 matrimonio
2449 2762 2590 2840 conj
2606 2767 2900 2822 unctum.

938 2869 1013 2931 In
1051 2887 1112 2929 v.
1156 2870 1192 2930 8
1234 2869 1528 2948 loquitur
1580 2870 1828 2932 Paulus
1869 2871 1947 2933 de
1993 2844 2375 2933 viduis-Ut
2409 2868 2834 2948 explicaretur
2876 2884 2992 2929 cur
3089 2883 3098 2892 ·

855 2976 1092 3038 iterum
1132 2977 1211 3038 de
1251 2975 1470 3038 viduis
1512 2976 1899 3056 disputaret,
1942 2977 2190 3039 dictum
2237 2977 2410 3037 fuit:
2457 2999 2485 3034 α
2540 2974 2706 3037 Paul
2753 2974 2991 3035 n’avait

854 3084 1031 3162 parle
1076 3101 1200 3144 aux
1248 3101 1413 3144 vers.
1466 3085 1502 3143 8
1549 3091 1609 3145 et
1661 3085 1696 3145 9
1751 3085 1865 3147 des
1913 3102 2153 3147 veuves
2181 3132 2195 3160 ,
2238 3086 2432 3164 qu’en
2483 3084 2577 3145 les
2619 3081 2991 3144 reunissant

855 3205 1009 3252 avec
1027 3189 1123 3251 les
1151 3190 1556 3252 celibataires
1576 3196 1641 3252 et
1667 3190 1761 3253 les
1789 3192 1993 3267 venis,
2021 3199 2081 3253 et
2110 3192 2254 3254 leur
2278 3190 2555 3270 position
2583 3188 2819 3251 sociale
2840 3187 2992 3250 etait

855 3313 1030 3358 assez
1064 3297 1401 3358 differente
1431 3298 1510 3359 de
1539 3296 1696 3360 celle
1727 3298 1806 3360 de
1842 3316 1945 3361 ces
1974 3300 2268 3362 dernier-s
2292 3315 2457 3378 pour
2479 3296 2638 3376 qu'il
2667 3302 2783 3375 put
2799 3297 2992 3377 juger

855 3402 1218 3464 necessaire
1250 3403 1563 3482 d’ajouter
1598 3421 1727 3466 une
1761 3404 2147 3483 explication
2179 3403 2453 3483 speciale
2487 3406 2524 3464 a
2557 3402 2699 3464 leur
2731 3401 2926 3479 egard
2956 3422 2987 3455 »

852 3506 1119 3590 (Godet).
1153 3510 1335 3584 Quae
1365 3511 1703 3590 explicatio
1735 3512 1905 3573 mihi
1934 3512 2285 3591 probabilis
2320 3512 2608 3586 videtur3
2636 3510 2850 3589 aptius
2880 3526 2990 3569 au-

858 3624 988 3679 tem
1018 3617 1358 3679 conveniet
1386 3619 1442 3679 si
1473 3619 1764 3697 legemus
1792 3630 1904 3687 τοῖς
1932 3621 2136 3703 χῆροις.
2171 3620 2484 3681 Mendum
2517 3636 2589 3680 ex
2622 3618 2734 3679 illo
2766 3624 2990 3677 natum

857 3733 983 3801 est,
1035 3725 1211 3806 quod
1250 3743 1447 3790 masc.
1484 3746 1693 3806 genus
1720 3735 1884 3812 χῆρος
1928 3730 1997 3789 in
2035 3728 2118 3791 N.
2160 3728 2232 3789 T.
2275 3745 2604 3805 nusquam
2647 3725 2986 3804 reperitur,

853 3832 995 3916 χήρα
1025 3840 1246 3894 contra
1279 3834 1613 3896 invenitur
1640 3852 1714 3897 ac
1747 3815 2125 3914 praesertim
2156 3835 2526 3914 frequenter
2552 3835 2621 3893 in
2653 3833 2684 3894 I
2714 3833 2795 3893 ad
2819 3832 2987 3893 Tim.

855 3941 1150 4002 recurrit.
1177 3975 1254 3985 -
1283 3942 1325 4004 J
1327 3943 1686 4003 amdudum
1718 3950 2063 4005 senserunt
2089 3943 2468 4021 interpretes
2498 3942 2690 4003 verba
2720 3952 2831 4008 τοῖς
2862 3938 2990 4020 ἀγά-

856 4070 974 4129 μοις
1003 4046 1094 4108 καὶ
1131 4059 1250 4116 ταῖς
1296 4049 1484 4131 χήραις
1516 4067 1648 4112 non
1691 4067 1878 4128 posse
1927 4058 2179 4112 tautum
2221 4051 2393 4115 viros
2437 4051 2714 4113 coelibes
2749 4056 2809 4111 et
2843 4066 2991 4109 mu-

854 4139 1047 4217 lieres
1075 4156 1306 4219 viduas
1340 4157 1704 4235 designare.
1739 4158 2042 4219 Attamen
2074 4158 2216 4220 fieri
2252 4140 2435 4220 nullo
2463 4159 2655 4220 modo
2689 4163 2892 4237 potest
2923 4164 2994 4217 ut

857 4264 1032 4327 vocis
1065 4262 1291 4346 ἀγάμοις
1354 4263 1902 4343 significationem
1947 4283 2058 4344 per
2101 4264 2650 4344 significationem
2699 4283 2757 4326 v.
2804 4263 2994 4346 χήραις

856 4372 1356 4438 citcumscribas
1385 4378 1448 4431 et
1476 4371 1549 4431 in
1579 4368 1807 4450 ἀγάμοις
1842 4371 2076 4434 viduos
2116 4372 2287 4436 solos
2326 4372 2792 4452 deprehendas,
2825 4373 2903 4433 Et
2935 4370 2995 4434 si
