3559 5609
778 872 869 926 150
1603 896 1621 914 ο
1707 874 1865 937 xvl,
1899 874 1978 927 2⁴.

774 1008 923 1055 oum
957 990 1148 1068 XVI,
1196 991 1269 1054 14
1302 998 1365 1055 et
1395 991 1529 1055 XII
1553 1040 1569 1070 ,
1605 990 1886 1056 31-X1v
1910 1042 1925 1070 ,
1962 993 1987 1054 1
2028 990 2358 1072 conferes,
2399 1008 2618 1055 nonne
2648 1009 2907 1056 meeum

778 1098 914 1160 veri
954 1098 1146 1161 duces
1183 1098 1466 1163 similius
1496 1099 1769 1163 Paulum
1801 1148 1816 1176 ,
1848 1117 1997 1163 oum
2044 1100 2202 1162 haec
2244 1100 2580 1176 scriberet,
2612 1101 2692 1163 de
2720 1100 2907 1162 infir-

776 1205 982 1268 miore
1005 1206 1498 1270 Corinthiorum
1526 1207 1791 1270 caritate
1819 1207 2146 1286 cogitare?
2180 1208 2415 1271 Nonne
2442 1206 2559 1271 tibi
2587 1207 2909 1271 videbun-

776 1320 881 1374 tur
916 1312 1074 1376 haec
1124 1312 1355 1376 ultima
1398 1314 1593 1377 verba
1641 1313 2216 1393 reprehensionem
2266 1313 2908 1404 exhortationemque

777 1419 1074 1483 simulac
1104 1421 1370 1484 finalem
1419 1421 1874 1485 salutationem
1917 1421 2101 1484 esse?
2142 1423 2379 1485 Nonne
2405 1470 2419 1498 ‚
2464 1428 2537 1484 ut
2577 1420 2739 1482 vidit
2770 1420 2908 1501 ipse

777 1527 983 1605 Godat,
1014 1528 1338 1609 apostolus
1367 1531 1437 1590 in
1474 1549 1533 1594 v.
1568 1530 1644 1590 22
1674 1530 2058 1594 memoriam
2084 1547 2145 1592 v.
2178 1530 2338 1608 XII,
2371 1528 2479 1594 1-3
2510 1528 2804 1592 refricat?
2830 1562 2910 1576 -

779 1635 926 1698 Pari
956 1636 1205 1699 ratione
1233 1637 1566 1714 adduam,
1596 1636 1915 1717 Hofmann
1944 1636 2223 1701 libenter
2247 1638 2583 1714 assentiar,
2610 1655 2650 1698 a
2668 1653 2797 1718 quo
2826 1635 2906 1698 ad

775 1759 958 1807 voces
986 1743 1159 1827 μαρὰν
1189 1743 1288 1806 ἀθά
1318 1746 1833 1825 interpretandas
1876 1745 2069 1808 verba
2100 1747 2207 1808 Ps.
2245 1746 2405 1809 XVI
2431 1796 2446 1824 ,
2479 1745 2516 1805 2
2549 1744 2645 1824 (tu
2675 1744 2905 1808 Domi-

772 1869 899 1913 nus
926 1851 1020 1933 es)
1056 1869 1185 1915 non
1217 1852 1542 1915 absimilia
1581 1853 2032 1916 adhibeantur.
2078 1853 2220 1929 Quo
2256 1854 2435 1916 enim
2467 1861 2646 1933 pacto
2680 1852 2903 1928 fleret,

774 1969 867 2036 ut,
898 1960 1443 2042 quemadmodum
1475 1962 1753 2024 22⁸·oum
1781 1961 1939 2037 XII,
1978 1960 2014 2025 3
2049 1959 2307 2042 (ἀνάθεμα
2348 1958 2582 2042 Ἰησοῦς)
2614 1961 2907 2024 conterre

772 2084 1011 2148 posseS,
1045 2066 1134 2130 ita
1164 2086 1418 2149 quoque
1446 2068 1619 2153 μαρὰν
1646 2068 1745 2131 ἀθά
1775 2087 1926 2133 oum
1953 2069 2127 2155 κύριος
2167 2068 2376 2145 Ἰησοῦς
2404 2070 2565 2152 (XII
2590 2117 2604 2145 ,
2638 2071 2700 2151 3)
2731 2086 2902 2132 com-

774 2193 1002 2256 parare
1032 2174 1272 2238 liceret.
