3559 5609
829 901 889 952 50
1803 899 1868 952 V,
1911 900 1983 951 11.

827 1038 1019 1098 quaxn
1053 1019 1114 1077 τὸ
1143 1017 1484 1097 συναναμίγν.
1517 1016 1786 1096 Semper
1819 1018 2015 1094 igitur
2043 1017 2237 1079 verba
2257 1016 2660 1095 distorquent
2688 1015 2799 1094 qui
2826 1013 2959 1093 μηδέ

826 1133 1082 1187 vertunt
1115 1143 1267 1187 ne...
1302 1122 1566 1205 quidem.

1714 1339 1804 1415 V,
1861 1338 2061 1402 12-13.

908 1554 984 1616 In
1023 1553 1126 1615 his
1164 1572 1224 1613 v.
1269 1552 1481 1632 rapuit
1510 1553 1751 1614 scribas
1780 1554 1849 1613 in
1885 1569 2167 1614 errorem
2198 1551 2561 1615 similitudo
2590 1570 2816 1615 vocum
2858 1552 2958 1624 ἔξω

772 1727 777 1732 ,
825 1668 888 1722 et
915 1657 1022 1720 ἔσω
1043 1680 1063 1735 ;
1097 1676 1261 1738 quae
1293 1659 1491 1737 igitur
1518 1660 1935 1737 transpositae
1966 1660 2250 1720 fuerunt.
2287 1658 2624 1721 suffecerit
2652 1661 2718 1720 in
2755 1678 2813 1721 v.
2856 1658 2958 1720 12¹»

825 1767 926 1838 ἔξω
962 1769 1028 1828 in
1069 1766 1282 1829 locum
1319 1767 1425 1827 ἔσω
1450 1815 1463 1842 ,
1499 1775 1690 1845 atque
1726 1766 1796 1827 in
1834 1787 1891 1829 ν.
1940 1767 2038 1830 13·
2076 1766 2182 1827 ἔσω
2221 1767 2291 1828 in
2326 1767 2538 1829 locum
2578 1766 2678 1837 ἔξω
2723 1783 2956 1847 suppo-

829 1894 1002 1937 nere.
1042 1875 1183 1949 Qua
1207 1874 1658 1936 emendatione
1687 1876 1910 1936 omnia
1944 1883 2112 1936 recte
2138 1885 2201 1936 et
2229 1875 2456 1937 ordine
2484 1875 2849 1954 procedent,
2887 1893 2959 1936 ac

828 2002 886 2044 ν.
921 1983 994 2044 V.
1034 1980 1220 2043 12-13
1254 1981 1443 2062 plane
1475 1999 1623 2043 cnm
1654 1998 1791 2062 cap.
1826 1981 1914 2043 VI
1940 1988 2002 2042 et
2023 1982 2123 2043 XI
2160 1981 2470 2062 epistulae
2500 1982 2953 2044 cohaerebunt.

907 2090 1174 2166 Paulus,
1205 2099 1273 2151 ut
1292 2089 1629 2170 συναναμίγν.
1662 2090 2213 2168 interpretaretur,
2248 2089 2369 2152 hoc
2393 2090 2581 2153 modo
2608 2090 2910 2152 disseruit
2941 2115 2953 2151 ε

830 2223 856 2253 «
895 2198 1109 2260 Vitate
1154 2206 1508 2276 peccatores
1540 2227 1619 2241 —
1659 2213 1793 2259 non
1837 2214 1943 2259 eos
1986 2198 2098 2277 qui
2139 2197 2295 2260 foris
2331 2208 2518 2273 sunt,
2565 2198 2673 2260 sed
2707 2216 2812 2260 eos
2847 2199 2959 2279 qui

824 2305 1002 2366 intus
1031 2312 1202 2367 sunt.
1244 2304 1338 2365 De
1365 2303 1496 2365 illis
1533 2305 1645 2383 qui
1680 2304 1834 2393 foris
1869 2313 2022 2366 sunt
2054 2304 2228 2386 loqui
2271 2306 2432 2368 mihi
2465 2306 2536 2367 in
2571 2308 2791 2369 animo
2824 2292 2951 2369 non

827 2419 978 2474 erat.
1010 2409 1270 2473 Etenim
1300 2409 1460 2490 quid
1492 2410 1655 2472 mihi
1686 2411 1764 2472 de
1785 2412 1866 2472 iis
1894 2412 2008 2491 qui
2036 2410 2192 2474 foris
2208 2420 2360 2474 sunt
2382 2412 2720 2492 judicare?
2753 2436 2783 2469 »
2818 2413 2956 2475 Hoc

826 2526 996 2581 recte
1022 2518 1350 2579 duntaxat.
1388 2516 1513 2578 Sed
1539 2518 1608 2578 in
1642 2518 1715 2579 T.
1750 2518 1830 2580 R.
1867 2519 2076 2597 pergit
2107 2517 2349 2580 Paulus
2381 2538 2394 2581 ε
2424 2543 2455 2577 «
2492 2520 2729 2583 Nonne
2763 2520 2842 2581 de
2875 2520 2958 2581 iis

825 2628 937 2709 qui
958 2627 1136 2689 intus
1167 2634 1319 2688 sunt
1349 2625 1824 2705 voSJudicatis?
1859 2650 1887 2682 n
1922 2626 2219 2691 Minime.
2251 2627 2450 2690 Valde
2481 2646 2665 2706 nego.
2699 2629 2956 2708 Nequa-

825 2753 1020 2818 quam
1046 2733 1340 2815 judicant
1373 2732 1696 2795 Corinthii
1739 2750 1846 2795 eos
1886 2735 1996 2813 qui
2027 2734 2204 2796 intus
2252 2746 2403 2795 sunt
2438 2754 2450 2797 :
2490 2743 2814 2797 memento
2854 2736 2955 2797 in-

825 2844 1002 2907 cesti.
1038 2843 1442 2921 Argumento
1474 2849 1568 2902 est
1597 2840 1767 2921 qnod
1795 2840 2035 2904 Paulus
2066 2841 2437 2905 Corinthios
2460 2843 2612 2924 quia
2636 2861 2763 2905 non
2789 2843 2957 2923 judi·
3003 2847 3008 2850 '

824 2957 1133 3013 caverunt
1160 2947 1280 3016 τοὺς
1309 2947 1416 3008 ἔσω
1449 2948 1793 3027 vituperat!
1832 2947 2166 3026 Coguntur
2195 2967 2347 3027 ergo
2378 2951 2758 3030 interpretes
2791 2950 2956 3013 male

821 3057 1019 3141 κρίνετε
1063 3057 1471 3134 interpretari
1519 3073 1591 3116 ac
1625 3065 1873 3117 vertere
1917 3075 1931 3117 t
1974 3079 2002 3112 α
2046 3074 2262 3118 nonne
2302 3076 2413 3119 vos
2453 3059 2743 3137 judicare
2785 3057 2958 3122 debe-

823 3165 899 3227 tis
916 3163 1046 3245 (1)?
1070 3162 1294 3224 »Nam
1324 3162 1479 3241 quid
1503 3161 2078 3241 interpretatione:
2095 3162 2449 3242 judicabitis
2470 3164 2799 3227 lucremur
2828 3182 2956 3227 non

725 3321 730 3325 .
824 3271 1032 3334 video.
1068 3303 1145 3315 —
1177 3270 1705 3349 Exspectaveram
1734 3269 1947 3349 potius
1980 3270 2280 3345 Paulum,
2309 3281 2643 3350 postquam
2677 3272 2910 3333 dixerit
2938 3292 2952 3333 ε

775 3357 795 3368 ”
823 3395 954 3441 non
996 3395 1199 3439 meum
1234 3382 1328 3438 est
1368 3375 1486 3445 τοὺς
1522 3376 1624 3447 ἔξω
1652 3377 1978 3456 judicare,
2021 3378 2456 3439 indicaturum
2508 3397 2646 3440 esse
2692 3396 2956 3460 quorum

820 3485 1020 3564 igitur
1050 3491 1214 3547 esset
1258 3501 1363 3546 eos
1386 3484 1678 3565 judicare
1699 3531 1716 3562 ‚
1753 3501 1956 3563 eoque
2002 3485 2208 3562 magis
2242 3494 2754 3565 exspectaveram
2786 3484 2955 3566 quod

816 3593 888 3654 in
919 3592 1335 3672 sequentibus
1367 3591 1485 3671 (VI
1514 3640 1528 3668 ,
1568 3592 1702 3672 2-3)
1736 3593 1805 3653 in
1850 3601 2307 3669 argumentum
2339 3593 2684 3657 advocatur
2725 3593 2890 3654 illud
2936 3611 2950 3654 ε

818 3699 1175 3762 Christiani
1215 3700 1511 3778 judicant
1543 3698 1777 3780 (praes,
1815 3696 2079 3779 prolept.
2119 3717 2283 3779 quae
2336 3719 2481 3762 curn
2517 3701 2721 3762 futur.
2760 3700 2953 3762 alter-

819 3811 999 3885 nant)
1033 3815 1143 3868 aut
1175 3789 1566 3885 judicabunt
1609 3807 1963 3882 mundum,
1999 3807 2041 3867 i.
2079 3824 2133 3868 e.
2188 3806 2307 3875 τοὺς
2352 3807 2474 3878 ἔξω.
2523 3807 2951 3882 Quamobrem

821 3923 993 3976 verte
1028 3939 1039 3974 ε
1079 3939 1104 3971 «
1152 3915 1383 3975 Nonne
1416 3931 1528 3976 ,vos
1550 3912 1684 3993 (vos
1714 3913 1977 3993 quidem
2001 3931 2073 3974 ac
2093 3931 2214 3976 .vos
2247 3913 2580 3996 aliquando
2610 3952 2685 3961 —
2715 3915 2955 3979 idcirco

820 4039 947 4082 non
982 4031 1072 4083 est
1112 4039 1371 4083 necesse
1400 4038 1496 4082 me
1525 4038 1692 4081 nunc
1719 4027 1924 4082 vestro
1959 4022 2215 4083 muneri
2247 4023 2558 4084 vicarium
2586 4021 2956 4101 succedere)

881 4291 944 4356 (1)
977 4280 1137 4352 Quae'
1165 4288 1453 4340 translatio
1487 4303 1611 4341 cum
1646 4286 1714 4339 de
1753 4290 1867 4341 ἔστι
1895 4289 1953 4340 in
1984 4289 2050 4352 V,
2084 4291 2112 4342 7
2138 4298 2562 4357 proponeretur,
2596 4291 2810 4344 notavit
2847 4297 2950 4343 Goa

820 4386 909 4431 det
948 4402 961 4430 .·
995 4398 1017 4427 «
1052 4382 1331 4443 plusieurs
1359 4379 1618 4442 exegetes
1648 4381 1699 4428 le
1731 4381 2043 4431 traduisent
2079 4396 2088 4429 τ
2121 4397 2259 4433 vous
2287 4384 2457 4434 devez
2488 4384 2621 4442 etre,
2654 4412 2714 4421 --
2744 4398 2805 4433 ce
2837 4385 2948 4446 qui,

817 4470 1395 4537 grammaticalement‚
1425 4473 1509 4518 est
1540 4469 1937 4520 inadmissible.
1967 4486 1992 4516 »
