3559 5609
729 818 817 868 100
1679 814 1785 874 ῙΧ,
1819 814 1898 866 23.

722 940 828 997 cut
858 949 1132 1013 sequens
1166 938 1565 1011 praeceptum
1598 929 1748 1013 (XI,
1786 931 1849 1013 1)
1869 931 2148 994 ostendit
2174 947 2212 990 a
2246 928 2449 993 Paulo
2478 927 2852 991 Corinthios

723 1057 980 1119 quoque
1011 1036 1293 1111 suaderi,
1330 1044 1401 1097 ut
1427 1044 1898 1115 persequantur
1933 1053 2061 1098 non
2103 1035 2399 1111 salutem,
2434 1036 2546 1099 sed
2575 1036 2854 1116 peculia-

721 1147 816 1208 ria
849 1143 1203 1207 commoda.
1236 1175 1315 1187 —
1349 1143 1427 1202 In
1464 1142 1609 1203 totis
1638 1160 1775 1221 cap.
1812 1141 2008 1203 IX·X
2029 1187 2046 1217 ,
2080 1142 2158 1204 de
2186 1140 2385 1204 salute
2422 1143 2560 1222 ipso
2603 1144 2857 1224 proprie

722 1269 851 1313 non
894 1252 1129 1328 agitur.
1186 1249 1445 1309 Fatetur
1491 1248 1613 1310 hoc
1656 1247 1737 1309 de
1785 1248 1845 1309 X
1874 1296 1888 1324 ,
1933 1249 2002 1309 12
2053 1247 2277 1323 Godet‚
2315 1248 2551 1328 quippe
2591 1250 2705 1329 qui
2740 1250 2854 1311 de-

719 1357 916 1419 claret
939 1355 1126 1417 verba
1151 1353 1390 1430 ἑστάναι,
1416 1353 1625 1414 πίπτειν
1651 1371 1782 1417 non
1807 1355 2049 1433 gratiae
2072 1362 2184 1416 aut
2210 1353 2650 1418 damnationis
2676 1355 2856 1419 habi·

720 1472 856 1525 tum
883 1511 897 1539 ‚
955 1462 1062 1523 sed
1118 1459 1445 1523 fidelitatis
1497 1471 1610 1523 aut
1657 1463 1899 1542 peccati
1948 1460 2261 1525 indicare.
2317 1465 2618 1526 Attamen
2672 1461 2861 1525 Godet

718 1572 787 1631 in
821 1569 938 1646 lx,
977 1568 1148 1631 23-X
1174 1614 1192 1643 ‚
1239 1569 1315 1629 22
1359 1567 1787 1648 deprehendit
1834 1592 1863 1625 α
1907 1567 1972 1630 la
2019 1569 2316 1648 question
2361 1569 2735 1633 consideree
2773 1587 2853 1632 au

719 1678 899 1756 point
928 1674 1009 1738 de
1036 1693 1160 1737 vue
1190 1675 1276 1738 du
1318 1675 1487 1737 salut
1522 1676 1635 1737 des
1677 1675 1834 1738 forts
1868 1674 2286 1738 eux-memes.
2323 1699 2354 1732 »
2394 1675 2661 1739 S'edhic
2693 1693 2855 1756 quo-

614 1829 624 1838 .
720 1801 848 1863 que
878 1781 1237 1861 pugnantia
1280 1781 1448 1843 inter
1478 1799 1545 1843 se
1575 1781 1819 1845 scribit.
1863 1782 2098 1844 Nonne
2127 1783 2407 1844 affirmat
2439 1781 2527 1865 (p.
2575 1780 2675 1863 68)
2714 1800 2854 1845 ver-

720 1892 875 1952 bum
908 1889 1083 1972 τρέχω
1117 1888 1263 1970 (ΙΧ,
1300 1887 1400 1969 24)
1436 1889 1779 1967 designare
1823 1912 1852 1945 ι
1891 1888 1953 1951 le
1984 1889 2247 1968 progres
2276 1889 2440 1951 dans
2474 1888 2537 1950 la
2570 1888 2856 1951 sanctifi-

719 1997 928 2060 cation
982 1995 1359 2058 chretienne
1407 1998 1486 2055 »⁴2
1536 1997 1701 2074 Ergo
1747 2014 1972 2059 omnes
2024 1998 2135 2076 qui
2193 2005 2464 2058 currunt
2514 1995 2853 2057 christiani

722 2114 892 2166 sunt.
933 2104 1300 2165 Aemulatio
1331 2103 1503 2164 inter
1536 2102 1923 2166 christianos
1958 2112 2205 2166 tantum
2246 2102 2610 2166 intercedit.
2650 2102 2853 2183 Oporf·

727 2220 810 2275 tet
854 2220 1114 2272 strenue
1165 2210 1592 2272 christianum
1634 2230 1924 2287 currere,
1970 2229 2098 2274 non
2143 2220 2213 2272 ut
2252 2210 2467 2273 salvus
2506 2211 2619 2272 flat
2649 2209 2855 2292 (salus

723 2321 989 2382 demum
1020 2320 1419 2380 amitteretur
1448 2321 1501 2380 si
1533 2320 1802 2381 omnino
1831 2336 1957 2380 non
1985 2316 2399 2399 curreretur),
2431 2317 2540 2380 sed
2575 2326 2642 2378 ut
2671 2335 2853 2398 prae-

724 2428 962 2490 claram
1000 2427 1344 2504 quamdam
1385 2444 1457 2487 ac
1502 2425 1902 2503 singularem
1937 2427 2367 2487 conditionem
2401 2432 2850 2504 consequatur.

722 2568 801 2581 --
845 2533 937 2608 Si,
971 2533 1318 2593 verborum
1352 2533 1695 2612 συγκοινωνὸς
1723 2535 1887 2592 αὐτοῦ
1918 2533 2153 2612 γένωμαι
2186 2533 2656 2612 aliquantisper
2691 2531 2851 2595 obli-

725 2650 866 2717 tus,
903 2640 1105 2699 finem
1134 2655 1280 2719 cap.
1318 2639 1418 2700 IX
1466 2656 1613 2700 cum
1661 2640 1762 2700 III
1789 2687 1803 2714 ‚
1848 2639 2023 2700 10-15
2072 2641 2347 2714 confers,
2382 2639 2602 2701 nullus
2630 2638 2853 2702 dubito

722 2749 882 2829 quin
917 2745 1414 2808 similitudinem
1457 2748 1808 2809 maximam
1848 2747 2293 2827 deprehendas
2323 2746 2432 2828 (cf.
2466 2747 2742 2828 δοκιμάσει
2774 2782 2852 2792 -

721 2854 1007 2935 ἀδόκιμος,
1056 2853 1237 2933 μισθὸν
1280 2852 1391 2934 ἔχω
1430 2887 1512 2900 -
1549 2854 1731 2932 μισθὸν
1762 2854 2067 2937 λήμψεται,
2099 2854 2312 2937 χρυσίον
2343 2852 2582 2937 ἀργύριον
2620 2858 2739 2916 κτλ.
2771 2885 2853 2903 —-

719 2959 969 3042 ἀδόκιμος
998 2979 1093 3039 pr.
1128 2960 1207 3022 de
1242 2959 1521 3021 metallis
1547 2969 1609 3022 et
1642 2959 1921 3023 monetis
1951 2960 2267 3042 (Grimm).

797 3068 900 3129 Ad
934 3068 1124 3129 verba
1153 3078 1213 3127 ν.
1252 3066 1325 3129 23
1360 3067 1727 3130 redeamus,
1763 3068 2008 3147 Utique
2041 3068 2422 3146 corrigenda
2457 3075 2631 3133 suut.
2668 3070 2848 3145 Quo-

715 3174 907 3237 modo
950 3183 1165 3236 autem
1215 3190 1344 3235 non
1384 3173 1611 3253 liquet.
1655 3174 1951 3237 Forsitan
1996 3174 2544 3253 transponendum
2595 3200 2607 3237 :
2650 3175 2729 3244 τίς
2762 3168 2851 3237 ott

713 3317 794 3329 —
819 3288 848 3342 ὃ
877 3280 1082 3360 μισθός,
1107 3281 1191 3341 ἵνα
1222 3282 1556 3349 συνκοινωνὸς
1583 3284 1746 3342 αὐτοῦ
1769 3282 2029 3362 γένωμαι,
2060 3286 2115 3343 εἰ
2144 3281 2232 3363 μὴ
2265 3283 2335 3343 τὸ
2364 3282 2447 3363 μὴ
2475 3284 2851 3366 καταχρήσασ-

709 3395 795 3451 θαι
822 3421 903 3435 -·
929 3393 1005 3471 τῷ
1039 3387 1330 3471 εὐαγγελίῳ
1354 3433 1372 3463 ,
1406 3387 1491 3448 ἵνα
1525 3391 1708 3469 εὖαγγ.
1743 3422 1824 3436 -
1849 3389 1910 3450 τὸ
1943 3389 2242 3470 εὐαγγέλιον
2275 3385 2364 3471 (v.
2406 3389 2526 3472 18).
2562 3391 2642 3451 In
2676 3412 2733 3454 V.
2774 3391 2847 3454 23

709 3496 1055 3574 legendum
1093 3520 1105 3556 :
1144 3496 1318 3555 πάντα
1347 3493 1403 3555 δὲ
1435 3505 1570 3556 ποιῶ
1601 3495 1685 3557 διὰ
1713 3496 1775 3557 τὸ
1805 3496 2106 3578 εὐαγγέλιον
2136 3495 2159 3578 (
2168 3498 2242 3574 1).
2276 3498 2395 3557 Οὐκ
2427 3497 2680 3560 οἴδατε...
2711 3498 2846 3561 Ob·-

703 3603 819 3682 jici
861 3603 1049 3665 modo
1082 3610 1282 3681 potest
1328 3601 1701 3671 συνκοινωνός
1747 3621 1879 3665 non
1926 3603 2115 3683 plane
2164 3605 2257 3664 sic
2295 3602 2577 3682 intelligi
2633 3622 2647 3666 ε
2699 3603 2848 3666 vide

712 3717 928 3771 tamen
963 3710 1153 3771 Rom.
1177 3754 1195 3784 ‚
1233 3708 1352 3785 XI,
1397 3710 1491 3771 17.
1528 3711 1618 3772 At
1650 3710 1704 3770 si
1739 3709 2148 3789 transpositio
2176 3695 2578 3787 admittitur,
2611 3711 2846 3772 melius

710 3817 834 3880 erit
861 3817 1205 3881 lectionem
1243 3818 1383 3898 byz.
1419 3823 1573 3877 τοῦτο
1602 3818 1785 3898 Sequi
1822 3837 1834 3880 τ
1867 3829 2029 3877 τοῦτο
2051 3816 2219 3897 (scil.
2256 3818 2318 3878 τὸ
2344 3828 2456 3886 τοῖς
2484 3829 2641 3880 πᾶσιν
2673 3821 2845 3882 πάντα

707 3926 957 4007 γίνεσθαι)
990 3925 1047 3987 δὲ
1071 3937 1208 3986 ποιῶ
1232 3924 1317 3985 διὰ
1350 3925 1412 3985 τὸ
1441 3925 1766 4006 εὐαγγέλιον.

787 4035 869 4098 V.
896 4033 970 4095 23
994 4033 1185 4096 talem
1209 4050 1461 4095 servare
1483 4039 1656 4111 potes
1679 4032 1890 4113 qualis
1910 4033 1981 4093 in
1999 4033 2073 4094 T.
2098 4034 2179 4095 R.
2198 4032 2457 4112 legitur,
2481 4053 2555 4098 ea
2577 4035 2841 4099 demum

705 4140 848 4219 lege
895 4150 969 4204 ut
1007 4141 1287 4218 corrigas
1329 4139 1414 4200 ἵνα
1453 4139 1796 4200 συνκοινωνοὶ
1825 4139 1991 4200 αὐτοῦ
2028 4139 2280 4221 γένωνται
2313 4141 2479 4223 (soil.
2515 4145 2564 4202 οἳ
2597 4141 2840 4226 πάντες).

770 4365 835 4431 (1)
866 4364 947 4417 cf.
981 4364 1047 4425 x,
1080 4365 1155 4416 31.
