3559 5609
756 810 844 861 136
1636 806 1786 865 XIV,
1820 804 1992 856 26-28.

828 921 1227 986 Glossolalus
1270 922 1471 1000 igitur
1512 922 1787 1001 quisque
1835 914 1972 1000 ip‘se
2013 937 2169 980 suus
2209 919 2525 997 interpres
2567 935 2706 980 esse
2757 918 2878 980 sihi

747 1029 1016 1092 debebat
1049 1053 1062 1088 ι
1098 1029 1271 1108 quod
1304 1045 1453 1089 cum
1496 1046 1557 1091 v.
1604 1027 1676 1104 5,
1729 1025 1836 1103 13,
1882 1026 1954 1088 15
1997 1034 2142 1106 apte
2188 1026 2529 1099 convenit,
2581 1031 2652 1086 ut
2695 1022 2883 1087 Godet

744 1137 881 1215 ipse
905 1136 1159 1198 fatetur.
1188 1134 1372 1209 Quod
1401 1134 1481 1197 ad
1512 1133 1662 1196 illos
1689 1134 1918 1195 attinet
1946 1133 2059 1213 qui
2083 1132 2469 1194 charismate
2492 1136 2586 1206 τῆς
2607 1129 2879 1214 ἑρμηνείας

742 1246 1003 1324 γλωσσῶν
1022 1243 1422 1320 fruebantur,
1448 1241 1559 1305 Sed
1581 1241 1967 1304 charismate
1994 1252 2101 1301 τῶν
2118 1251 2282 1321 γενῶν
2302 1242 2562 1319 γλωσσῶν
2579 1239 2757 1318 (XII,
2785 1237 2881 1320 10)

743 1351 1064 1423 carebant,
1105 1366 1320 1412 nonne
1364 1348 1765 1428 glossolaluS,
1808 1346 2036 1426 lingua
2076 1347 2353 1424 locutuS,
2384 1345 2713 1415 interdum
2748 1344 2881 1406 illis

741 1457 1208 1536 interpretandi
1234 1473 1456 1518 curam
1487 1455 1857 1533 relinquere
1887 1456 2133 1534 posset?
2168 1456 2302 1516 Hoc
2339 1454 2579 1516 Paulus
2613 1469 2743 1515 non
2769 1452 2880 1515 de-

743 1563 1027 1627 claravit.
1074 1564 1362 1626 Videtur‘
1393 1571 1614 1625 contra
1653 1561 1837 1624 illam
1877 1561 2116 1640 agendi
2160 1562 2475 1624 rationem
2518 1568 2731 1622 vetare
2782 1553 2885 1640 (εἷς

741 1669 1141 1754 διερμηνευέτω)
1186 1669 1299 1751 (1).
1342 1668 1801 1732 Verisimiliter
1854 1669 2078 1731 eadem
2130 1669 2302 1730 inter
2355 1668 2743 1730 charismata
2776 1677 2883 1728 τῶν

741 1791 905 1860 γενῶν
931 1782 1190 1858 γλωσσῶν
1222 1786 1283 1840 et
1309 1784 1403 1851 τ’ἥς
1432 1777 1706 1860 ἑρμηνείας
1749 1776 2080 1840 constabat
2116 1776 2570 1839 convenientia
2611 1793 2685 1837 ac
2714 1776 2884 1837 inter

744 1887 1134 1949 charismata
1171 1891 1266 1959 τῆς
1317 1886 1635 1971 προφητείας
1688 1895 1751 1948 et
1793 1891 1886 1959 τῆς
1936 1886 2243 1968 διακρίσεως
2289 1885 2623 1965 πνευμάτων.
2658 1884 2885 1946 Dicere

745 1992 989 2057 Paulus
1024 1994 1336 2073 potuisset
1375 2013 1388 2055 :
1427 1998 1456 2055 ὁ
1504 1996 1685 2054 λαλῶν
1715 1996 1938 2074 γλώσσῃ
1976 1985 2050 2061 εἷς
2085 1992 2486 2075 διερμηνευέτω,
2520 1992 2612 2052 καὶ
2657 1995 2705 2052 οἱ
2733 1990 2885 2051 ἄλλοι

747 2099 1170 2183 διακρινέτωσαν.
1219 2100 1464 2162 Cavere
1513 2098 1842 2179 oportebat
1890 2117 1974 2161 ne
2022 2100 2093 2161 in
2140 2099 2505 2181 prophetias
2549 2099 2733 2179 quasi
2785 2116 2886 2160 se-

748 2209 929 2270 mina
958 2206 1115 2268 mali
1140 2205 1518 2288 irreperent.
1553 2206 1796 2270 Cavere
1826 2207 2155 2288 oportebat
2183 2224 2265 2269 ne
2292 2205 2672 2285 glossolalus
2704 2230 2735 2263 «
2772 2224 2884 2268 ex-

752 2313 941 2376 tatica
973 2337 1001 2371 n
1035 2313 1204 2377 dicta
1233 2332 1568 2395 perperam
1599 2315 2154 2394 interpretaretur.

1593 2528 1788 2606 XIV,
1825 2526 2042 2592 33-34.

2386 2652 2419 2679 Ο

835 2741 1026 2805 Godet
1057 2741 1277 2824 procul
1307 2743 1505 2805 dubio
1535 2752 1749 2819 errat,
1789 2743 2043 2807 Holsten
2084 2744 2395 2806 accedens
2426 2745 2538 2824 qui
2587 2743 2887 2806 eumdem

752 2869 1016 2913 sensum
1048 2850 1239 2913 verbo
1275 2851 1577 2924 ἐκκλησίαις
1609 2851 1680 2912 in
1725 2870 1785 2910 v.
1821 2850 1897 2914 33
1930 2860 1993 2912 et
2027 2851 2097 2912 in
2131 2872 2191 2916 v.
2244 2852 2319 2914 34
2356 2853 2507 2914 dare
2541 2867 2672 2912 non
2717 2850 2886 2927 vult,

754 2960 913 3021 etin
945 2959 1065 3020 hac
1102 2976 1253 3021 voce
1287 2959 1477 3020 modo
1506 2959 1873 3021 societatem
1910 2967 2163 3020 tantum
2202 2959 2412 3033 videt,
2447 2959 2638 3021 modo
2669 2966 2891 3021 contra

750 3074 856 3126 τῶν
885 3066 1049 3147 ἁγίων
1077 3074 1453 3141 conventu3‚
1490 3084 1637 3127 curn
1664 3067 1862 3128 rebus
1892 3066 2141 3127 divinis
2164 3068 2510 3128 intersunt.
2544 3067 2730 3141 Quod
2761 3083 2892 3128 om·

753 3172 912 3233 nino
943 3172 1089 3233 fieri
1135 3189 1261 3233 non
1305 3180 1527 3252 potest,
1572 3166 1642 3233 i'n
1674 3173 1923 3235 duobus
1958 3173 2249 3253 eJusdem
2289 3173 2533 3253 periodi
2580 3174 2891 3235 membris

753 3282 923 3342 inter
959 3297 1026 3340 se
1055 3297 1168 3357 per
1200 3285 1273 3347 ὡς
1305 3287 1476 3342 arcte
1509 3282 1893 3361 conjunctis,>
1930 3280 2217 3360 Requiro
2252 3299 2265 3342 ε
2301 3303 2329 3336 <a
2375 3289 2626 3343 taceant
2656 3279 2892 3343 mulie-

755 3404 857 3448 res
885 3385 956 3446 in
987 3386 1409 3447 conventibus
1437 3386 1689 3462 vestris,
1726 3387 1892 3449 sicut
1925 3395 1988 3449 et
2020 3388 2093 3448 in
2132 3388 2442 3451 omnihus
2470 3390 2893 3451 conventibus

757 3499 1125 3555 sanctorum
1153 3500 1381 3554 tacent.
1418 3517 1448 3549 ›)
1484 3493 1871 3556 DEFGKL
1902 3494 2128 3574 legunt
2158 3498 2215 3555 αἱ
2239 3505 2480 3577 γυναῖκες
2507 3499 2655 3576 ὑμῶν
2693 3500 2747 3556 ἐν
2776 3506 2893 3563 ταῖς

758 3599 1061 3673 ἐκκλησίαις
1078 3648 1092 3676 ,
1120 3599 1336 3667 dunis
1355 3601 1409 3662 A
1426 3600 1478 3661 B
1497 3604 1646 3681 ὑμῶν
1658 3602 1987 3664 omittunt.
2009 3603 2096 3664 Ex
2119 3621 2250 3682 quo
2262 3611 2469 3684 potest
2478 3602 2895 3683 probabiliter

756 3707 986 3769 confici
1021 3727 1078 3771 v.
1113 3711 1261 3787 ὑμῶν
1291 3707 1503 3770 locum
1535 3709 1900 3772 deseruisse
1932 3728 2192 3786 verum,
2236 3710 2470 3771 deinde
2514 3728 2626 3790 per
2656 3709 2892 3787 margi-

756 3831 906 3875 nem
948 3815 1069 3875 iter
1110 3815 1331 3876 fecisse
1358 3863 1371 3890 ,
1415 3833 1488 3877 ac
1526 3815 1807 3895 denique
1837 3817 2006 3878 inter
2036 3816 2250 3878 aliena
2292 3833 2328 3876 a
2371 3815 2661 3877 librariis
2696 3816 2895 3877 fuisse

755 3921 1183 3998 insinuatum,
1217 3923 1329 4000 qui
1359 3922 1427 3983 id
1467 3939 1597 3985 non
1634 3924 2023 3985 omitterent.
2064 3924 2286 4003 Accipi
2313 3941 2443 3986 non
2474 3930 2680 4002 potest
2706 3922 2896 3985 lectio

651 4098 656 4103 p
756 4028 870 4089 illa
893 4046 1057 4108 quae
1084 4029 1151 4089 in
1186 4029 1242 4088 D
1262 4029 1437 4091 EFG
1456 4030 1576 4090 KL
1613 4031 1951 4109 reperitur.
1987 4030 2119 4093 Cur
2144 4031 2320 4092 enim
2351 4029 2677 4111 apostolus
2706 4053 2734 4086 α
2759 4045 2893 4091 ves-

820 4268 888 4330 (1)
919 4266 1059 4317 Cum
1086 4268 1145 4316 in
1176 4269 1363 4317 multis
1394 4283 1425 4316 a
1464 4272 1684 4319 Grimm
1725 4269 1986 4319 indicatis
2026 4270 2192 4331 lociS,
2225 4274 2342 4320 tum
2376 4270 2493 4331 hic,
2524 4270 2798 4319 vocabulo
2829 4269 2897 4327 εἷς

756 4355 903 4404 idem
933 4360 1017 4406 est
1046 4370 1242 4407 sensus
1274 4361 1437 4421 atque
1466 4359 1593 4409 voci
1624 4359 1787 4423 μόνος,
1814 4362 1988 4409 solus·
