3559 5609
1487 842 1562 894 IX
1578 882 1590 906 ,
1629 842 1798 894 10-12.
2650 844 2710 897 95

576 961 696 1023 hus
727 979 838 1041 per
865 962 900 1035 ἤ
930 961 1292 1039 conjunctis
1322 960 1902 1040 praepositionibus
1932 961 2116 1039 quasi
2148 962 2455 1041 imperat,
2492 981 2709 1044 expos-

579 1067 739 1131 tulat
775 1085 1157 1148 responsum
1201 1069 1280 1130 ad
1330 1083 1859 1147 unamquamque
1909 1068 2407 1146 propositionem
2454 1076 2707 1152 negati·-

579 1194 748 1239 vam.
798 1156 980 1251 Quae
1019 1194 1166 1238 cum
1219 1176 1309 1238 ita
1357 1175 1519 1250 sint,
1565 1176 1775 1257 prima
1822 1192 1877 1234 v.
1933 1173 2004 1235 10
2045 1175 2238 1238 verba
2272 1176 2523 1240 ultimis
2571 1201 2633 1244 v.
2675 1183 2712 1245 9

579 1283 790 1346 verbis
823 1282 1271 1345 contradicunt
1312 1280 1510 1344 simul
1553 1298 1625 1343 ac
1659 1280 1784 1342 fini
1817 1300 1877 1343 v.
1916 1281 2012 1354 10,
2050 1292 2438 1364 quapropter
2466 1285 2578 1350 ille
2615 1287 2712 1352 lo-

578 1407 690 1453 cus
718 1389 993 1453 omnino
1023 1407 1215 1452 sensu
1249 1397 1440 1452 caret.

657 1497 1101 1574 Cogitaveram
1137 1497 1216 1558 de
1247 1497 1615 1577 reponendo
1651 1494 1687 1568 ἢ
1720 1499 1786 1556 δι’
1827 1502 1970 1576 ἡμᾶς
2000 1500 2217 1571 <οὗ>
2244 1506 2531 1570 τυπικῶς
2570 1502 2714 1585 λέγει

578 1604 701 1685 (Cf.
756 1604 844 1679 X,
886 1605 949 1680 6,
1015 1602 1111 1684 11)
1164 1604 1268 1684 (1).
1327 1603 1667 1667 Suffecerit
1713 1612 1929 1665 autem
1988 1606 2320 1669 restituere
2366 1605 2402 1680 ἢ
2453 1610 2518 1670 δι’
2570 1617 2714 1691 ἡμᾶς

579 1713 787 1780 πάντως
831 1711 1051 1783 <οὐ>
1088 1710 1261 1791 λέγει,
1296 1711 1467 1790 quod
1506 1729 1655 1773 cum
1692 1712 2107 1791 symmetria,
2163 1722 2296 1776 tum
2342 1733 2573 1779 sensus
2609 1737 2712 1781 re·

582 1820 803 1898 quirit.
845 1818 1117 1897 Negatio
1151 1821 1212 1878 οὐ
1243 1819 1450 1898 potuit
1480 1819 1693 1881 omitti
1728 1827 1920 1899 atque
1964 1821 2035 1881 in
2082 1822 2377 1900 margine
2408 1823 2710 1889 adscribi.

581 1925 814 1999 Variae
834 1933 1050 1987 autem
1073 1924 1382 1988 lectiones
1406 1942 1570 2007 quae
1595 1925 1675 1987 ad
1704 1943 1867 1988 vers.
1898 1925 1965 1988 8¹³
1991 1928 2337 2007 pertinent,
2367 1932 2720 1996 ostendunt

582 2033 653 2093 in
670 2032 792 2095 hoc
810 2052 869 2094 v.
889 2049 1144 2112 quoque
1168 2031 1229 2092 τὸ
1252 2034 1313 2092 οὔ
1331 2032 1646 2094 omissum
1675 2031 2079 2113 fnisse(dein
2103 2035 2273 2098 male
2291 2039 2719 2121 restitutum).

581 2140 748 2204 Cum
776 2141 876 2203 bis
911 2143 972 2200 οὔ
997 2142 1069 2202 in
1100 2142 1395 2219 margine
1428 2140 1769 2220 legeretur,
1809 2141 2057 2205 scribae
2091 2144 2281 2207 modo
2318 2145 2389 2207 in
2429 2164 2489 2208 v,
2524 2146 2562 2209 8
2596 2164 2715 2210 ne-

583 2251 906 2327 gationem
941 2257 1366 2328 reposuerunt
1395 2257 1588 2331 atque
1617 2249 1688 2310 in
1722 2268 1784 2311 v.
1825 2248 1897 2310 10
1927 2249 2110 2313 obliti
2148 2259 2321 2314 sunt.

666 2358 770 2419 Me
800 2356 1017 2438 judice
1040 2405 1054 2433 ‚
1088 2363 1227 2436 post
1258 2357 1457 2441 ἐγράφη
1500 2355 1901 2419 exarandum
1932 2364 2025 2419 est
2052 2364 2389 2437 punctum.
2426 2358 2715 2424 Scribam

584 2465 846 2547 μιτίχειν,
878 2469 924 2526 εἰ
951 2471 1107 2544 ἡμεῖς
1137 2463 1217 2545 (v.
1259 2463 1489 2546 10-11).
1527 2464 1719 2526 Verte
1749 2490 1761 2525 ι
1803 2488 1831 2520 α
1865 2464 2403 2545 Quandoquidem
2434 2468 2548 2548 qui
2583 2478 2721 2531 aret

584 2591 765 2636 arare
792 2573 1020 2635 debeat
1045 2573 1115 2634 in
1143 2590 1284 2653 spe,
1317 2581 1379 2634 et
1412 2573 1523 2652 qui
1558 2572 1845 2647 trituret,
1880 2579 2121 2651 partem
2147 2590 2331 2636 suam
2359 2573 2598 2637 habere
2616 2573 2722 2639 de-

587 2681 731 2743 beat
759 2682 893 2761 spei
939 2681 1108 2759 ejm,
1149 2697 1548 2759 magnumne
1578 2688 1711 2755 est,
1756 2681 1813 2741 si
1855 2696 1972 2741 nos
2020 2680 2195 2742 vohis
2226 2681 2584 2762 spiritualia
2619 2702 2719 2746 se-

585 2787 1007 2864 minavimuS,
1029 2789 1203 2869 quod
1233 2804 1350 2849 nos
1377 2786 1661 2849 carnalia
1691 2787 2056 2849 metamus?
2086 2812 2115 2844 ιι
2142 2820 2222 2833 -
2253 2787 2388 2852 Vox
2416 2789 2496 2850 ὅτι
2520 2790 2723 2869 signi-

586 2896 951 2959 ficationem
982 2895 1163 2957 verbi
1188 2919 1217 2951 «
1236 2894 1764 2975 quandoquidem
1799 2916 1830 2949 »
1852 2891 1948 2974 (2)
1967 2902 2218 2956 tantum
2236 2895 2472 2959 habere
2491 2906 2718 2977 potest.

585 3004 758 3066 Nam
807 3003 1138 3066 notionem
1176 3002 1357 3065 verbi
1389 3025 1419 3058 α
1449 3009 1521 3063 ut
1553 3028 1577 3055 »
1615 3001 1780 3083 (que,
1813 2998 1987 3081 dass)
2018 3000 2129 3062 illa
2159 3019 2281 3065 vox
2312 3020 2442 3066 non
2474 3003 2673 3067 habet
2703 3030 2716 3067 ε

588 3131 647 3176 v.
685 3111 757 3173 10
794 3111 981 3191 plane
1017 3128 1250 3174 novam
1282 3110 1671 3172 sententiam
1701 3109 1923 3186 affert,
1955 3116 2024 3172 ut
2048 3117 2220 3173 recte
2248 3111 2586 3190 consignat
2609 3112 2724 3177 Go-

587 3218 680 3282 det
709 3218 823 3298 qui
854 3226 1069 3281 tamen
1102 3218 1172 3278 in
1209 3214 1626 3279 translatione
1666 3234 1782 3278 sua
1822 3232 2088 3277 sensum
2130 3216 2363 3297 accipit
2391 3235 2586 3297 quem
2620 3236 2722 3282 re-

586 3324 747 3387 fellit
782 3325 853 3386 in
869 3324 1372 3409 ‚commentaria
1407 3321 1769 3385 Translatio
1807 3323 1958 3402 quia
1980 3372 1995 3399 ,
2034 3331 2269 3402 puncto
2309 3332 2447 3405 post
2482 3325 2726 3408 μετίχιιν

587 3433 822 3513 posite,
865 3430 1144 3509 intelligi
1195 3447 1324 3494 non
1372 3438 1591 3510 potest.
1640 3428 1708 3492 Si
1749 3429 1840 3492 ita
1881 3438 1951 3490 ut
1984 3429 2122 3491 dixi
2154 3437 2362 3492 vertes
2408 3437 2469 3493 et
2514 3430 2724 3495 inter-

587 3557 856 3619 punges,
885 3545 1222 3600 evanescet
1250 3557 1310 3598 v.
1351 3536 1414 3598 11
1452 3536 1835 3616 asyndeton.
1875 3537 2179 3598 Attamen
2206 3537 2502 3617 displicet
2531 3538 2729 3601 inter·-

588 3647 857 3727 pretatio
884 3645 1050 3707 mihi
1078 3662 1274 3725 quam
1297 3642 1488 3706 Godet
1515 3644 1592 3706 de
1621 3644 1753 3706 fine
1786 3662 1848 3704 v.
1882 3643 1954 3704 10
1983 3644 2302 3722 proponit.
2331 3644 2561 3724 Liquet
2584 3653 2730 3724 post

590 3772 652 3814 v.
690 3753 726 3815 9
761 3761 940 3833 part..
968 3750 1141 3813 ἀλοῶν
1187 3752 1414 3815 bovem
1461 3751 1822 3829 designare.
1868 3752 1956 3811 At
1997 3750 2054 3811 si
2093 3748 2343 3833 ἀροτριῶν
2386 3751 2729 3815 hominem

590 3860 871 3935 indicat,
901 3859 1058 3940 quid
1090 3858 1426 3922 vinculum
1457 3857 1629 3920 inter
1657 3855 1873 3920 locum
1902 3858 1972 3918 in
1997 3876 2054 3918 v.
2096 3856 2132 3918 9
2163 3855 2428 3920 citatum
2462 3865 2524 3920 et
2553 3877 2614 3922 v.
2655 3858 2727 3947 10

656 4144 721 4209 (1)
759 4143 959 4194 Verbis
998 4142 1060 4192 δι’
1092 4144 1217 4205 ἡμᾶς
1261 4141 1319 4192 οὐ
1356 4144 1573 4198 τυπικῶς
1612 4141 1741 4204 λέγει
1781 4138 2186 4203 responderent
2233 4144 2394 4191 ταῦτα
2425 4140 2480 4192 δὲ
2515 4145 2732 4199 τυπικῶς

590 4234 875 4285 συνὲὃαινεν
906 4231 1141 4293 exsistam
1170 4228 1357 4280 verbis
1387 4230 1449 4279 δι’
1475 4232 1602 4292 ἡμᾶς
1627 4230 1721 4294 γὰρ
1752 4229 1937 4294 ἐγράφη
1966 4230 2137 4280 verba
2164 4229 2348 4295 ἐγράφη
2376 4230 2430 4282 δὲ
2458 4231 2580 4296 πρὸς
2612 4246 2729 4282 νου-

591 4324 758 4377 Θισίαν
788 4324 946 4388 ἡμῶν.

657 4413 726 4476 (2)
754 4411 838 4465 Cf.
872 4411 940 4474 X,
970 4411 1046 4475 17,
1079 4414 1133 4460 et
1162 4423 1305 4473 quae
1341 4422 1509 4471 super
1541 4408 1663 4473 VII,
1693 4408 1756 4460 26
1784 4407 2168 4463 animadverti.
2205 4420 2214 4429 '
