3559 5609
1566 846 1671 898 vn
1685 884 1699 910 ,
1734 846 1908 899 39-40.
2744 844 2809 898 80

671 966 784 1030 sed
832 972 1163 1047 praecepta
1186 963 1478 1045 .apostoli
1538 972 1853 1045 poterant.
1902 960 2150 1026 Paulus
2187 961 2379 1025 illum
2426 961 2648 1027 laudat
2692 962 2806 1042 qui

672 1073 878 1134 filiam
941 1072 1012 1133 in
1068 1072 1558 1135 matrimonium
1629 1089 1759 1134 non
1820 1069 2126 1145 collocat,
2197 1088 2329 1133 non
2395 1069 2533 1132 vult
2588 1076 2807 1132 autem

671 1178 860 1241 illum
893 1179 1270 1241 necessitate
1304 1179 1399 1241 sic
1427 1196 1653 1258 agere,
1687 1196 1762 1241 eo
1792 1187 2040 1241 tantum
2069 1178 2290 1240 animo
2317 1184 2387 1240 ut
2416 1173 2620 1239 Paulo
2652 1175 2807 1239 obe-

671 1286 829 1348 diat.
857 1286 1291 1362 Quamobrem
1317 1293 1771 1359 commoratur,
1803 1285 2162 1366 repetitque
2186 1288 2240 1346 ὲν
2261 1290 2328 1367 τῇ
2350 1283 2537 1368 καρδίᾳ
2567 1283 2804 1359 αὐτοῦ,

670 1394 909 1477 περὶτοῦ
938 1397 1108 1455 ἶδιοῢ
1136 1393 1461 1474 θελήματος,
1501 1394 1555 1454 ἐν
1582 1399 1647 1475 τῇ
1681 1392 1813 1478 ἰδίᾳ
1841 1393 2049 1478 καρδίᾳ.

754 1503 832 1564 In
875 1520 936 1563 v.
985 1500 1060 1563 37
1111 1501 1655 1581 impedimentum
1702 1501 1878 1564 latet.
1917 1498 2240 1562 Nonnulli
2294 1498 2482 1578 probi'
2521 1496 2806 1577 bonique

673 1608 924 1672 codices
954 1615 1203 1688 ponunt
1233 1614 1326 1668 τοῦ
1360 1616 1511 1670 ante
1552 1619 1749 1691 τηρεῖν.
1786 1609 1949 1670 Cum
1981 1607 2089 1670 hic
2121 1605 2430 1681 articulus
2465 1605 2566 1667 vix
2597 1603 2806 1685 expli-

673 1724 888 1792 cetur,
933 1716 1288 1779 servandus
1323 1724 1455 1792 est,
1502 1724 1572 1778 ut
1622 1724 1789 1778 recte
1830 1716 2170 1778 observant
2209 1715 2418 1794 Meyer
2470 1729 2543 1775 ac
2592 1709 2799 1775 Godet.

675 1824 885 1887 Nemo
939 1832 1152 1885 tamen
1196 1823 1465 1902 accipiet
1499 1824 1779 1885 nimium
1811 1822 2166 1902 quaesitam
2204 1819 2392 1884 Godct
2420 1819 2805 1899 interpreta-

675 1930 940 1993 tionem.
988 1928 1223 1992 Melius
1252 1930 1380 1991 erit
1417 1938 1832 2010 transponere
1874 1935 1966 1990 τοῦ
1995 1940 2169 2013 τηρεῖν
2199 1927 2294 2002 τὴν
2332 1932 2524 1989 ἑαυτοῦ
2559 1924 2807 2011 παρθένον

675 2046 811 2118 post
846 2038 964 2119 περὶ
991 2043 1082 2097 τοῦ
1112 2036 1242 2097 ἰδίου
1267 2036 1562 2117 θελήματος
1589 2045 1650 2099 et
1678 2044 1827 2098 ante
1859 2035 1951 2098 καὶ
1977 2041 2153 2097 τοῦτο.
2187 2033 2628 2114 *transpositio
2658 2050 2809 2113 con-

676 2144 868 2205 traria
899 2144 1107 2206 effecit
1136 2151 1207 2206 ut
1236 2145 1303 2205 in
1342 2142 1684 2206 nonnullis
1710 2144 1849 2207 cod.
1884 2163 1944 2204 v.
1977 2149 2069 2204 τοῦ
2099 2143 2523 2206 omitteretur.

681 2359 802 2421 VI⁰
835 2390 916 2405 -—
949 2357 1152 2422 39-40.
1187 2391 1265 2405 -—
1314 2360 1532 2420 Utrum
1567 2356 1771 2421 viduis
1812 2356 2171 2420 mulieribus
2212 2355 2513 2420 secundae
2555 2355 2802 2436 nuptiae

1620 2464 1864 2530 liceant.
2070 2480 2075 2485 ·

757 2683 1006 2745 Haereo
1035 2683 1108 2743 in
1139 2701 1199 2744 v.
1236 2681 1392 2762 μόνον
1412 2687 1465 2743 ἐν
1489 2683 1650 2769 κυρίῳ
1679 2683 1751 2745 in
1782 2703 1844 2745 v.
1881 2681 1979 2746 39.
2014 2682 2203 2745 Illam
2237 2682 2805 2770 praescriptionem

676 2790 735 2851 si
761 2788 1003 2852 Paulus
1041 2789 1264 2852 utilem
1295 2790 1735 2870 judicavisset,
1773 2809 1932 2854 num
1967 2792 2120 2853 satis
2157 2791 2485 2854 habuisset
2515 2798 2643 2852 tam
2673 2807 2805 2852 am·

679 2898 876 2976 bigue
929 2915 1003 2960 ac
1053 2898 1331 2959 breviter
1382 2897 1739 2975 declarare,
1796 2899 1865 2959 in
1916 2899 2156 2977 angulo
2206 2899 2483 2978 quodam
2537 2898 2808 2961 obscuro

677 3004 873 3067 unius
923 3021 996 3065 ex
1046 3003 1297 3066 ultimis
1344 3023 1478 3085 cap.
1534 3005 2126 3086 propositionibus?
2163 3006 2491 3067 Adversus
2543 3021 2806 3067 sensum

684 3136 711 3168 α
746 3130 894 3175 cum
926 3111 1281 3183 christiano
1308 3137 1335 3169 n
1358 3113 1580 3193 objicit
1608 3114 1819 3175 Reuss
1839 3113 2131 3174 eamdem
2155 3112 2591 3192 exceptionem
2612 3128 2806 3190 super

678 3219 1039 3297 virginibus
1070 3219 1214 3281 fieri
1244 3220 1562 3283 debuisse.
1590 3220 1957 3301 Respondet
1986 3218 2176 3282 Godet
2196 3244 2215 3282 .·
2242 3243 2270 3276 α
2300 3220 2464 3281 Mais
2494 3222 2530 3280 a
2563 3217 2805 3297 l’egard

676 3326 756 3388 de
788 3325 1100 3403 celles-ci,
1135 3328 1295 3389 Paul
1334 3328 1575 3390 n'avait
1603 3328 1781 3408 point
1815 3327 1908 3390 dit
1936 3352 1949 3389 :
1983 3329 2023 3390 ὰ
2055 3327 2164 3409 qui
2194 3326 2303 3390 elle
2333 3335 2498 3390 veut.
2529 3326 2656 3390 Car
2682 3326 2734 3387 il
2761 3345 2807 3406 y

678 3434 849 3497 avait
877 3432 941 3494 la
970 3432 1033 3496 la
1061 3433 1315 3498 volonte
1345 3434 1695 3515 paternelle
1718 3435 1831 3514 qui
1863 3434 2105 3498 veillait
2132 3454 2243 3498 sur
2262 3434 2404 3497 leur
2432 3444 2582 3497 sort.
2612 3458 2640 3492 ιι
2669 3434 2808 3497 Hoc

681 3557 1060 3620 responsum
1090 3542 1274 3621 quasi
1307 3541 1773 3605 deverticulum
1802 3550 1916 3618 est,
1951 3543 2121 3623 quod
2152 3544 2340 3605 modo
2362 3542 2636 3622 capessit
2662 3543 2807 3622 qui-

681 3648 829 3710 dam
867 3649 1125 3711 'exitum
1167 3667 1511 3729 quaerens.
1560 3650 1772 3725 Quare
1831 3652 2007 3713 enim
2052 3651 2337 3731 patribus
2392 3647 2525 3713 no'n
2573 3649 2812 3710 dixerit

681 3755 922 3818 Paulus
955 3755 1120 3819 filias
1151 3764 1400 3820 tantum
1444 3758 1821 3821 christianis
1863 3757 2171 3822 collocare
2196 3760 2225 3820 ?
2264 3756 2395 3819 Cur
2436 3756 2807 3821 adolescen-

683 3865 849 3926 tibus
909 3881 1037 3927 non
1100 3867 1488 3945 praeceperit
1552 3866 1839 3944 virgines
1911 3868 2163 3928 tantum
2236 3864 2622 3927 christianas
2683 3864 2805 3925 du-

679 3989 821 4034 cere
850 3970 940 4052 (v.
975 3970 1128 4053 28)?
1159 3972 1336 4047 Quae
1372 3991 1564 4036 causa
1605 3982 1703 4035 est
1741 3989 1858 4035 cur
1899 3972 2248 4035 coelibibus
2284 3989 2359 4034 ac
2390 3970 2548 4032 viris
2590 3970 2808 4033 viduis

679 4097 807 4143 non
844 4067 1252 4142 mandaverit
1298 4083 1370 4143 in
1400 4081 1891 4145 matrimonium
1926 4088 2178 4142 tantum
2207 4081 2593 4145 christianas
2636 4079 2805 4143 acci-

680 4204 828 4264 pere
868 4186 958 4266 (ν.
1011 4180 1118 4263 9)“2
1168 4187 1345 4248 Num
1389 4188 1600 4251 viduis
1653 4187 1805 4251 solis
1858 4188 2236 4270 hujusmodi
2284 4186 2598 4267 praecepti
2650 4204 2808 4267 opus

679 4292 857 4352 erat?
886 4325 965 4336 -
1001 4292 1305 4354 Libenter
1350 4295 1692 4356 emendare
1742 4292 1942 4356 velim
1972 4299 2290 4375 γαμηθῆναι.
2333 4292 2507 4355 Μόνον
2550 4294 2603 4353 ἐν
2645 4292 2806 4377 κυρίῳ

677 4397 1049 4481 μακαριωτέρα
1078 4401 1221 4460 ἐστιν
1253 4398 1421 4462 ἐάν...
1456 4399 1778 4469 Particula
1802 4400 1858 4461 δέ
1886 4419 1921 4463 e
1949 4400 2384 4493 dittographia
2410 4399 2679 4469 ultimae
2706 4398 2807 4468 lit·
