<?xml version="1.0" encoding="UTF-8"?>
<!DOCTYPE html PUBLIC "-//W3C//DTD XHTML 1.0 Transitional//EN"
    "http://www.w3.org/TR/xhtml1/DTD/xhtml1-transitional.dtd">
<html xmlns="http://www.w3.org/1999/xhtml" xml:lang="en" lang="en">
 <head>
  <title>
</title>
<meta http-equiv="Content-Type" content="text/html;charset=utf-8" />
  <meta name='ocr-system' content='tesseract 3.04.00' />
  <meta name='ocr-capabilities' content='ocr_page ocr_carea ocr_par ocr_line ocrx_word'/>
</head>
<body>
  <div class='ocr_page' id='page_1' title='image "./depriorepauliad00boisgoog_0126.png"; bbox 0 0 3559 5609; ppageno 0'>
   <div class='ocr_carea' id='block_1_1' title="bbox 798 825 2011 887">
    <p class='ocr_par' dir='ltr' id='par_1_1' title="bbox 798 825 2011 887">
     <span class='ocr_line' id='line_1_1' title="bbox 798 825 2011 887; baseline 0.002 -12"><span class='ocrx_word' id='word_1_1' title='bbox 798 825 885 875; x_wconf 83' lang='lat'><strong>114</strong></span> <span class='ocrx_word' id='word_1_2' title='bbox 1703 826 1777 875; x_wconf 88' lang='lat' dir='ltr'><strong>XI</strong></span> <span class='ocrx_word' id='word_1_3' title='bbox 1793 864 1806 887; x_wconf 93' lang='lat'><em>,</em></span> <span class='ocrx_word' id='word_1_4' title='bbox 1845 826 2011 879; x_wconf 80' lang='lat'><strong>16-34.</strong></span> 
     </span>
    </p>
   </div>
   <div class='ocr_carea' id='block_1_2' title="bbox 782 938 3028 2410">
    <p class='ocr_par' dir='ltr' id='par_1_2' title="bbox 788 938 2926 1353">
     <span class='ocr_line' id='line_1_2' title="bbox 792 938 2926 1020; baseline 0.003 -19"><span class='ocrx_word' id='word_1_5' title='bbox 792 941 928 1002; x_wconf 77' lang='lat' dir='ltr'><strong>saut</strong></span> <span class='ocrx_word' id='word_1_6' title='bbox 956 939 1117 1020; x_wconf 92' lang='lat' dir='ltr'><strong>qu’il</strong></span> <span class='ocrx_word' id='word_1_7' title='bbox 1147 961 1187 1020; x_wconf 80' lang='lat' dir='ltr'><strong>y</strong></span> <span class='ocrx_word' id='word_1_8' title='bbox 1220 940 1312 1002; x_wconf 85' lang='lat' dir='ltr'><strong>ait</strong></span> <span class='ocrx_word' id='word_1_9' title='bbox 1342 942 1627 1004; x_wconf 75' lang='lat' dir='ltr'><strong>meme...</strong></span> <span class='ocrx_word' id='word_1_10' title='bbox 1667 965 1696 997; x_wconf 93' lang='lat'>»</span> <span class='ocrx_word' id='word_1_11' title='bbox 1725 938 2029 1003; x_wconf 76' lang='lat' dir='ltr'><strong>Ceter&#39;um</strong></span> <span class='ocrx_word' id='word_1_12' title='bbox 2051 943 2120 1003; x_wconf 92' lang='lat' dir='ltr'><strong>in</strong></span> <span class='ocrx_word' id='word_1_13' title='bbox 2153 959 2268 1003; x_wconf 90' lang='lat' dir='ltr'><strong>sua</strong></span> <span class='ocrx_word' id='word_1_14' title='bbox 2288 942 2708 1004; x_wconf 88' lang='lat' dir='ltr'><strong>translatione</strong></span> <span class='ocrx_word' id='word_1_15' title='bbox 2739 941 2926 1007; x_wconf 72' lang='lat' dir='ltr'><strong>Godet</strong></span> 
     </span>
     <span class='ocr_line' id='line_1_3' title="bbox 792 1047 2922 1131; baseline 0.001 -23"><span class='ocrx_word' id='word_1_16' title='bbox 792 1048 1012 1109; x_wconf 77' lang='lat' dir='ltr'><strong>scribit</strong></span> <span class='ocrx_word' id='word_1_17' title='bbox 1044 1069 1059 1108; x_wconf 92' lang='lat'><strong>:</strong></span> <span class='ocrx_word' id='word_1_18' title='bbox 1098 1071 1126 1102; x_wconf 74' lang='grc' dir='ltr'><strong><em>κ</em></strong></span> <span class='ocrx_word' id='word_1_19' title='bbox 1161 1048 1285 1109; x_wconf 86' lang='lat' dir='ltr'><strong>Car</strong></span> <span class='ocrx_word' id='word_1_20' title='bbox 1313 1047 1361 1109; x_wconf 88' lang='lat' dir='ltr'><strong>il</strong></span> <span class='ocrx_word' id='word_1_21' title='bbox 1397 1048 1530 1109; x_wconf 81' lang='lat' dir='ltr'><strong>saut</strong></span> <span class='ocrx_word' id='word_1_22' title='bbox 1561 1048 1772 1110; x_wconf 76' lang='lat' dir='ltr'><strong>meme</strong></span> <span class='ocrx_word' id='word_1_23' title='bbox 1804 1047 1966 1129; x_wconf 89' lang='lat' dir='ltr'><strong>qu&#39;il</strong></span> <span class='ocrx_word' id='word_1_24' title='bbox 1999 1068 2045 1129; x_wconf 77' lang='lat' dir='ltr'><strong>y</strong></span> <span class='ocrx_word' id='word_1_25' title='bbox 2076 1050 2240 1111; x_wconf 89' lang='lat' dir='ltr'><strong>ait...</strong></span> <span class='ocrx_word' id='word_1_26' title='bbox 2279 1074 2308 1106; x_wconf 83' lang='lat'><strong>»</strong></span> <span class='ocrx_word' id='word_1_27' title='bbox 2346 1048 2572 1111; x_wconf 85' lang='lat' dir='ltr'>Malim</span> <span class='ocrx_word' id='word_1_28' title='bbox 2621 1051 2922 1131; x_wconf 84' lang='lat' dir='ltr'><strong>equidem</strong></span> 
     </span>
     <span class='ocr_line' id='line_1_4' title="bbox 789 1153 2921 1235; baseline 0.001 -20"><span class='ocrx_word' id='word_1_29' title='bbox 789 1163 1035 1218; x_wconf 88' lang='lat' dir='ltr'><strong>vertere</strong></span> <span class='ocrx_word' id='word_1_30' title='bbox 1068 1180 1081 1215; x_wconf 73' lang='grc' dir='ltr'>ε</span> <span class='ocrx_word' id='word_1_31' title='bbox 1122 1179 1151 1210; x_wconf 72' lang='grc' dir='ltr'>α</span> <span class='ocrx_word' id='word_1_32' title='bbox 1184 1154 1310 1216; x_wconf 88' lang='lat' dir='ltr'><strong>Car</strong></span> <span class='ocrx_word' id='word_1_33' title='bbox 1338 1153 1388 1214; x_wconf 93' lang='lat' dir='ltr'><strong>il</strong></span> <span class='ocrx_word' id='word_1_34' title='bbox 1419 1155 1554 1216; x_wconf 88' lang='lat' dir='ltr'><strong>faut</strong></span> <span class='ocrx_word' id='word_1_35' title='bbox 1581 1154 1760 1216; x_wconf 77' lang='lat' dir='ltr'><strong>aussi</strong></span> <span class='ocrx_word' id='word_1_36' title='bbox 1785 1153 1943 1234; x_wconf 90' lang='lat' dir='ltr'><strong>qu&#39;il</strong></span> <span class='ocrx_word' id='word_1_37' title='bbox 1967 1173 2014 1235; x_wconf 80' lang='lat' dir='ltr'><strong>y</strong></span> <span class='ocrx_word' id='word_1_38' title='bbox 2042 1155 2206 1217; x_wconf 90' lang='lat' dir='ltr'><strong>ait...</strong></span> <span class='ocrx_word' id='word_1_39' title='bbox 2245 1180 2303 1227; x_wconf 71' lang='grc' dir='ltr'><strong>ιι,</strong></span> <span class='ocrx_word' id='word_1_40' title='bbox 2335 1156 2401 1217; x_wconf 90' lang='lat' dir='ltr'><strong>id</strong></span> <span class='ocrx_word' id='word_1_41' title='bbox 2431 1165 2527 1218; x_wconf 90' lang='lat' dir='ltr'><strong>est</strong></span> <span class='ocrx_word' id='word_1_42' title='bbox 2553 1181 2567 1217; x_wconf 75' lang='lat' dir='ltr'>z</span> <span class='ocrx_word' id='word_1_43' title='bbox 2600 1180 2632 1213; x_wconf 90' lang='lat'>«</span> <span class='ocrx_word' id='word_1_44' title='bbox 2664 1156 2921 1218; x_wconf 84' lang='lat' dir='ltr'><strong>Etenim</strong></span> 
     </span>
     <span class='ocr_line' id='line_1_5' title="bbox 788 1254 2619 1353; baseline -0.004 -28"><span class='ocrx_word' id='word_1_45' title='bbox 788 1268 1033 1341; x_wconf 81' lang='lat' dir='ltr'>oportet</span> <span class='ocrx_word' id='word_1_46' title='bbox 1060 1260 1327 1340; x_wconf 90' lang='lat' dir='ltr'><strong>quidem</strong></span> <span class='ocrx_word' id='word_1_47' title='bbox 1359 1262 1565 1324; x_wconf 90' lang='lat' dir='ltr'><strong>sint...</strong></span> <span class='ocrx_word' id='word_1_48' title='bbox 1610 1285 1638 1317; x_wconf 65' lang='lat' dir='ltr'>n</span> <span class='ocrx_word' id='word_1_49' title='bbox 2198 1254 2217 1278; x_wconf 79' lang='lat'>‘</span> <span class='ocrx_word' id='word_1_50' title='bbox 2610 1343 2619 1353; x_wconf 26' lang='grc' dir='ltr'><strong>θ</strong></span> 
     </span>
    </p>

    <p class='ocr_par' dir='ltr' id='par_1_3' title="bbox 783 1368 3028 1982">
     <span class='ocr_line' id='line_1_6' title="bbox 871 1368 3028 1451; baseline -0 -18"><span class='ocrx_word' id='word_1_51' title='bbox 871 1370 1119 1433; x_wconf 90' lang='lat' dir='ltr'><strong>Usitata</strong></span> <span class='ocrx_word' id='word_1_52' title='bbox 1153 1386 1291 1449; x_wconf 85' lang='lat' dir='ltr'><strong>cap.</strong></span> <span class='ocrx_word' id='word_1_53' title='bbox 1329 1368 1427 1430; x_wconf 90' lang='lat' dir='ltr'><strong>XI</strong></span> <span class='ocrx_word' id='word_1_54' title='bbox 1476 1386 1634 1430; x_wconf 89' lang='lat' dir='ltr'><strong>usus</strong></span> <span class='ocrx_word' id='word_1_55' title='bbox 1675 1386 1821 1430; x_wconf 88' lang='lat' dir='ltr'><strong>sum</strong></span> <span class='ocrx_word' id='word_1_56' title='bbox 1862 1369 2391 1449; x_wconf 79' lang='lat' dir='ltr'><strong>interpretatione</strong></span> <span class='ocrx_word' id='word_1_57' title='bbox 2434 1369 2660 1451; x_wconf 87' lang='lat' dir='ltr'><strong>(quam</strong></span> <span class='ocrx_word' id='word_1_58' title='bbox 2693 1370 2923 1451; x_wconf 86' lang='lat' dir='ltr'><strong>accipit</strong></span> <span class='ocrx_word' id='word_1_59' title='bbox 3021 1445 3028 1449; x_wconf 41' lang='grc'><strong>,</strong></span> 
     </span>
     <span class='ocr_line' id='line_1_7' title="bbox 790 1475 2916 1561; baseline 0.001 -21"><span class='ocrx_word' id='word_1_60' title='bbox 790 1475 1029 1557; x_wconf 83' lang='lat' dir='ltr'><strong>Godet),</strong></span> <span class='ocrx_word' id='word_1_61' title='bbox 1066 1485 1139 1539; x_wconf 90' lang='lat' dir='ltr'><strong>ut</strong></span> <span class='ocrx_word' id='word_1_62' title='bbox 1170 1476 1251 1537; x_wconf 90' lang='lat' dir='ltr'><strong>ad</strong></span> <span class='ocrx_word' id='word_1_63' title='bbox 1280 1476 1481 1538; x_wconf 84' lang='lat' dir='ltr'><strong>finem</strong></span> <span class='ocrx_word' id='word_1_64' title='bbox 1519 1477 1717 1557; x_wconf 89' lang='lat' dir='ltr'><strong>hujus</strong></span> <span class='ocrx_word' id='word_1_65' title='bbox 1753 1494 1890 1556; x_wconf 91' lang='lat' dir='ltr'><strong>cap.</strong></span> <span class='ocrx_word' id='word_1_66' title='bbox 1929 1477 2198 1539; x_wconf 85' lang='lat' dir='ltr'><strong>verbum</strong></span> <span class='ocrx_word' id='word_1_67' title='bbox 2242 1478 2516 1561; x_wconf 83' lang='grc' dir='ltr'>διαιρέσεις</span> <span class='ocrx_word' id='word_1_68' title='bbox 2553 1494 2916 1542; x_wconf 91' lang='lat' dir='ltr'><strong>accommo-</strong></span> 
     </span>
     <span class='ocr_line' id='line_1_8' title="bbox 787 1584 2918 1667; baseline -0 -19"><span class='ocrx_word' id='word_1_69' title='bbox 787 1588 1029 1648; x_wconf 82' lang='lat' dir='ltr'><strong>darem.</strong></span> <span class='ocrx_word' id='word_1_70' title='bbox 1090 1584 1215 1647; x_wconf 89' lang='lat' dir='ltr'><strong>Sed</strong></span> <span class='ocrx_word' id='word_1_71' title='bbox 1237 1631 1255 1660; x_wconf 90' lang='lat'>‚</span> <span class='ocrx_word' id='word_1_72' title='bbox 1321 1585 1623 1647; x_wconf 86' lang='lat' dir='ltr'><strong>omnibus</strong></span> <span class='ocrx_word' id='word_1_73' title='bbox 1676 1586 2000 1663; x_wconf 85' lang='lat' dir='ltr'><strong>cogitatis,</strong></span> <span class='ocrx_word' id='word_1_74' title='bbox 2062 1602 2192 1648; x_wconf 90' lang='lat' dir='ltr'><strong>non</strong></span> <span class='ocrx_word' id='word_1_75' title='bbox 2236 1603 2493 1667; x_wconf 89' lang='lat' dir='ltr'><strong>possum</strong></span> <span class='ocrx_word' id='word_1_76' title='bbox 2550 1586 2654 1648; x_wconf 89' lang='lat' dir='ltr'><strong>his</strong></span> <span class='ocrx_word' id='word_1_77' title='bbox 2705 1586 2918 1650; x_wconf 85' lang='lat' dir='ltr'><strong>verbis</strong></span> 
     </span>
     <span class='ocr_line' id='line_1_9' title="bbox 786 1689 2919 1772; baseline 0.001 -20"><span class='ocrx_word' id='word_1_78' title='bbox 786 1691 1086 1752; x_wconf 85' lang='lat' dir='ltr'><strong>assentiri</strong></span> <span class='ocrx_word' id='word_1_79' title='bbox 1129 1710 1143 1753; x_wconf 74' lang='grc' dir='ltr'>ε</span> <span class='ocrx_word' id='word_1_80' title='bbox 1184 1714 1212 1747; x_wconf 72' lang='grc' dir='ltr'><strong>α</strong></span> <span class='ocrx_word' id='word_1_81' title='bbox 1257 1698 1437 1753; x_wconf 89' lang='lat' dir='ltr'><strong>notre</strong></span> <span class='ocrx_word' id='word_1_82' title='bbox 1472 1689 1762 1769; x_wconf 88' lang='lat' dir='ltr'><strong>chapitre</strong></span> <span class='ocrx_word' id='word_1_83' title='bbox 1804 1690 2146 1754; x_wconf 78' lang='lat' dir='ltr'><strong>lui-meme</strong></span> <span class='ocrx_word' id='word_1_84' title='bbox 2191 1708 2429 1772; x_wconf 82' lang='lat' dir='ltr'><strong>prouve</strong></span> <span class='ocrx_word' id='word_1_85' title='bbox 2466 1710 2592 1772; x_wconf 88' lang='lat' dir='ltr'><strong>que</strong></span> <span class='ocrx_word' id='word_1_86' title='bbox 2623 1691 2786 1754; x_wconf 90' lang='lat' dir='ltr'><strong>dans</strong></span> <span class='ocrx_word' id='word_1_87' title='bbox 2825 1691 2919 1754; x_wconf 92' lang='lat' dir='ltr'><strong>les</strong></span> 
     </span>
     <span class='ocr_line' id='line_1_10' title="bbox 785 1794 2914 1875; baseline -0.002 -17"><span class='ocrx_word' id='word_1_88' title='bbox 785 1814 1015 1875; x_wconf 86' lang='lat' dir='ltr'><strong>agapes</strong></span> <span class='ocrx_word' id='word_1_89' title='bbox 1049 1795 1297 1875; x_wconf 82' lang='lat' dir='ltr'><strong>chaque</strong></span> <span class='ocrx_word' id='word_1_90' title='bbox 1328 1794 1574 1857; x_wconf 84' lang='lat' dir='ltr'><strong>famille</strong></span> <span class='ocrx_word' id='word_1_91' title='bbox 1604 1795 1982 1857; x_wconf 82' lang='lat' dir='ltr'><strong>fournissait</strong></span> <span class='ocrx_word' id='word_1_92' title='bbox 2010 1795 2376 1859; x_wconf 77' lang='lat' dir='ltr'><strong>elle-meme</strong></span> <span class='ocrx_word' id='word_1_93' title='bbox 2407 1815 2508 1859; x_wconf 91' lang='lat' dir='ltr'><strong>ses</strong></span> <span class='ocrx_word' id='word_1_94' title='bbox 2537 1797 2842 1859; x_wconf 88' lang='lat' dir='ltr'><strong>aliments</strong></span> <span class='ocrx_word' id='word_1_95' title='bbox 2886 1821 2914 1853; x_wconf 70' lang='grc' dir='ltr'>ι</span> 
     </span>
     <span class='ocr_line' id='line_1_11' title="bbox 783 1899 2756 1982; baseline 0.001 -21"><span class='ocrx_word' id='word_1_96' title='bbox 783 1900 1044 1982; x_wconf 82' lang='lat' dir='ltr'><strong>(Godet).</strong></span> <span class='ocrx_word' id='word_1_97' title='bbox 1084 1901 1267 1975; x_wconf 88' lang='lat' dir='ltr'><strong>Quod</strong></span> <span class='ocrx_word' id='word_1_98' title='bbox 1299 1906 1593 1963; x_wconf 89' lang='lat' dir='ltr'><strong>nostrum</strong></span> <span class='ocrx_word' id='word_1_99' title='bbox 1622 1917 1758 1980; x_wconf 88' lang='lat' dir='ltr'><strong>cap.</strong></span> <span class='ocrx_word' id='word_1_100' title='bbox 1791 1899 2144 1962; x_wconf 87' lang='lat' dir='ltr'><strong>admodum</strong></span> <span class='ocrx_word' id='word_1_101' title='bbox 2176 1916 2306 1963; x_wconf 88' lang='lat' dir='ltr'><strong>non</strong></span> <span class='ocrx_word' id='word_1_102' title='bbox 2337 1902 2756 1963; x_wconf 90' lang='lat' dir='ltr'><strong>demonstrat.</strong></span> 
     </span>
    </p>

    <p class='ocr_par' dir='ltr' id='par_1_4' title="bbox 782 2007 2917 2410">
     <span class='ocr_line' id='line_1_12' title="bbox 866 2007 2911 2089; baseline 0 -18"><span class='ocrx_word' id='word_1_103' title='bbox 866 2011 1069 2088; x_wconf 87' lang='lat' dir='ltr'><strong>Finge</strong></span> <span class='ocrx_word' id='word_1_104' title='bbox 1094 2012 1269 2071; x_wconf 88' lang='lat' dir='ltr'><strong>enim</strong></span> <span class='ocrx_word' id='word_1_105' title='bbox 1299 2026 1825 2089; x_wconf 88' lang='lat' dir='ltr'><strong>unamquamque</strong></span> <span class='ocrx_word' id='word_1_106' title='bbox 1850 2007 2168 2071; x_wconf 88' lang='lat' dir='ltr'><strong>familiam</strong></span> <span class='ocrx_word' id='word_1_107' title='bbox 2193 2025 2412 2072; x_wconf 91' lang='lat' dir='ltr'><strong>secum</strong></span> <span class='ocrx_word' id='word_1_108' title='bbox 2434 2026 2646 2072; x_wconf 89' lang='lat' dir='ltr'><strong>escam</strong></span> <span class='ocrx_word' id='word_1_109' title='bbox 2667 2007 2911 2072; x_wconf 89' lang='lat' dir='ltr'><strong>tulisse.</strong></span> 
     </span>
     <span class='ocr_line' id='line_1_13' title="bbox 783 2116 2917 2196; baseline -0.001 -16"><span class='ocrx_word' id='word_1_110' title='bbox 783 2116 1032 2180; x_wconf 89' lang='lat' dir='ltr'><strong>Divites</strong></span> <span class='ocrx_word' id='word_1_111' title='bbox 1062 2135 1212 2195; x_wconf 89' lang='lat' dir='ltr'><strong>ergo</strong></span> <span class='ocrx_word' id='word_1_112' title='bbox 1241 2116 1525 2178; x_wconf 90' lang='lat' dir='ltr'><strong>multum</strong></span> <span class='ocrx_word' id='word_1_113' title='bbox 1556 2124 1619 2178; x_wconf 92' lang='lat' dir='ltr'><strong>et</strong></span> <span class='ocrx_word' id='word_1_114' title='bbox 1644 2116 1937 2178; x_wconf 85' lang='lat' dir='ltr'><strong>ferebant</strong></span> <span class='ocrx_word' id='word_1_115' title='bbox 1965 2125 2028 2178; x_wconf 93' lang='lat' dir='ltr'><strong>et</strong></span> <span class='ocrx_word' id='word_1_116' title='bbox 2053 2117 2569 2193; x_wconf 83' lang='lat' dir='ltr'><strong>manducabant,</strong></span> <span class='ocrx_word' id='word_1_117' title='bbox 2607 2134 2917 2196; x_wconf 87' lang='lat' dir='ltr'><strong>pauperes</strong></span> 
     </span>
     <span class='ocr_line' id='line_1_14' title="bbox 784 2223 2915 2304; baseline -0.001 -17"><span class='ocrx_word' id='word_1_118' title='bbox 784 2233 1004 2287; x_wconf 88' lang='lat' dir='ltr'><strong>contra</strong></span> <span class='ocrx_word' id='word_1_119' title='bbox 1035 2232 1148 2285; x_wconf 88' lang='lat' dir='ltr'><strong>aut</strong></span> <span class='ocrx_word' id='word_1_120' title='bbox 1193 2236 1504 2304; x_wconf 89' lang='lat' dir='ltr'><strong>perpauca</strong></span> <span class='ocrx_word' id='word_1_121' title='bbox 1548 2232 1661 2287; x_wconf 91' lang='lat' dir='ltr'><strong>aut</strong></span> <span class='ocrx_word' id='word_1_122' title='bbox 1694 2223 1867 2285; x_wconf 87' lang='lat' dir='ltr'><strong>nihil</strong></span> <span class='ocrx_word' id='word_1_123' title='bbox 1897 2241 2046 2286; x_wconf 93' lang='lat' dir='ltr'><strong>cum</strong></span> <span class='ocrx_word' id='word_1_124' title='bbox 2073 2223 2408 2300; x_wconf 85' lang='lat' dir='ltr'><strong>ferebant,</strong></span> <span class='ocrx_word' id='word_1_125' title='bbox 2452 2232 2590 2286; x_wconf 89' lang='lat' dir='ltr'><strong>tum</strong></span> <span class='ocrx_word' id='word_1_126' title='bbox 2620 2224 2915 2287; x_wconf 88' lang='lat' dir='ltr'><strong>comede-</strong></span> 
     </span>
     <span class='ocr_line' id='line_1_15' title="bbox 782 2330 2912 2410; baseline -0.001 -16"><span class='ocrx_word' id='word_1_127' title='bbox 782 2332 957 2394; x_wconf 86' lang='lat' dir='ltr'><strong>bant.</strong></span> <span class='ocrx_word' id='word_1_128' title='bbox 1022 2330 1264 2394; x_wconf 91' lang='lat' dir='ltr'><strong>Paulus</strong></span> <span class='ocrx_word' id='word_1_129' title='bbox 1314 2339 1571 2408; x_wconf 87' lang='lat' dir='ltr'><strong>autem,</strong></span> <span class='ocrx_word' id='word_1_130' title='bbox 1630 2330 1801 2399; x_wconf 86' lang='lat' dir='ltr'><strong>hanc</strong></span> <span class='ocrx_word' id='word_1_131' title='bbox 1843 2330 2082 2408; x_wconf 91' lang='lat' dir='ltr'><strong>agendi</strong></span> <span class='ocrx_word' id='word_1_132' title='bbox 2140 2331 2456 2392; x_wconf 86' lang='lat' dir='ltr'><strong>rationem</strong></span> <span class='ocrx_word' id='word_1_133' title='bbox 2502 2331 2912 2410; x_wconf 71' lang='lat' dir='ltr'><strong>vituperem,</strong></span> 
     </span>
    </p>
   </div>
   <div class='ocr_carea' id='block_1_3' title="bbox 783 2438 3025 2519">
    <p class='ocr_par' dir='ltr' id='par_1_5' title="bbox 783 2438 3025 2519">
     <span class='ocr_line' id='line_1_16' title="bbox 783 2438 3025 2519; baseline -0.001 -18"><span class='ocrx_word' id='word_1_134' title='bbox 783 2439 1092 2501; x_wconf 90' lang='lat' dir='ltr'><strong>divitibus</strong></span> <span class='ocrx_word' id='word_1_135' title='bbox 1139 2439 1545 2519; x_wconf 88' lang='lat' dir='ltr'><strong>praescripsit</strong></span> <span class='ocrx_word' id='word_1_136' title='bbox 1574 2447 1645 2499; x_wconf 88' lang='lat' dir='ltr'><strong>ut</strong></span> <span class='ocrx_word' id='word_1_137' title='bbox 1672 2438 1895 2500; x_wconf 90' lang='lat' dir='ltr'><strong>cibum</strong></span> <span class='ocrx_word' id='word_1_138' title='bbox 1924 2438 2418 2517; x_wconf 84' lang='lat' dir='ltr'><strong>impertirentur</strong></span> <span class='ocrx_word' id='word_1_139' title='bbox 2446 2438 2911 2518; x_wconf 86' lang='lat' dir='ltr'><strong>pauperibus...</strong></span> <span class='ocrx_word' id='word_1_140' title='bbox 3022 2452 3025 2455; x_wconf 73' lang='grc'>’</span> 
     </span>
    </p>
   </div>
   <div class='ocr_carea' id='block_1_4' title="bbox 697 2543 2950 4237">
    <p class='ocr_par' dir='ltr' id='par_1_6' title="bbox 697 2543 2909 3913">
     <span class='ocr_line' id='line_1_17' title="bbox 781 2543 2909 2624; baseline -0.001 -17"><span class='ocrx_word' id='word_1_141' title='bbox 781 2547 870 2607; x_wconf 89' lang='lat' dir='ltr'><strong>At</strong></span> <span class='ocrx_word' id='word_1_142' title='bbox 897 2545 1059 2607; x_wconf 90' lang='lat' dir='ltr'><strong>illud</strong></span> <span class='ocrx_word' id='word_1_143' title='bbox 1088 2546 1351 2624; x_wconf 91' lang='lat' dir='ltr'><strong>quidem</strong></span> <span class='ocrx_word' id='word_1_144' title='bbox 1383 2561 1641 2623; x_wconf 90' lang='lat' dir='ltr'><strong>prorsus</strong></span> <span class='ocrx_word' id='word_1_145' title='bbox 1678 2562 1808 2606; x_wconf 91' lang='lat' dir='ltr'><strong>non</strong></span> <span class='ocrx_word' id='word_1_146' title='bbox 1840 2545 1995 2622; x_wconf 91' lang='lat' dir='ltr'><strong>agit.</strong></span> <span class='ocrx_word' id='word_1_147' title='bbox 2030 2544 2108 2605; x_wconf 90' lang='lat' dir='ltr'><strong>In</strong></span> <span class='ocrx_word' id='word_1_148' title='bbox 2141 2545 2237 2607; x_wconf 91' lang='lat' dir='ltr'><strong>XI</strong></span> <span class='ocrx_word' id='word_1_149' title='bbox 2251 2590 2270 2621; x_wconf 91' lang='lat'><strong><em>,</em></strong></span> <span class='ocrx_word' id='word_1_150' title='bbox 2306 2543 2381 2608; x_wconf 90' lang='lat'><strong>33</strong></span> <span class='ocrx_word' id='word_1_151' title='bbox 2413 2544 2573 2607; x_wconf 89' lang='lat' dir='ltr'><strong>dicit</strong></span> <span class='ocrx_word' id='word_1_152' title='bbox 2609 2551 2858 2607; x_wconf 91' lang='lat' dir='ltr'><strong>tautum</strong></span> <span class='ocrx_word' id='word_1_153' title='bbox 2896 2569 2909 2605; x_wconf 74' lang='grc' dir='ltr'><strong><em>ε</em></strong></span> 
     </span>
     <span class='ocr_line' id='line_1_18' title="bbox 784 2632 2907 2731; baseline 0.002 -21"><span class='ocrx_word' id='word_1_154' title='bbox 784 2677 815 2710; x_wconf 91' lang='lat'>«</span> <span class='ocrx_word' id='word_1_155' title='bbox 867 2651 1035 2714; x_wconf 89' lang='lat' dir='ltr'><strong>alius</strong></span> <span class='ocrx_word' id='word_1_156' title='bbox 1090 2652 1291 2714; x_wconf 86' lang='lat' dir='ltr'><strong>alium</strong></span> <span class='ocrx_word' id='word_1_157' title='bbox 1346 2632 1689 2731; x_wconf 85' lang='lat' dir='ltr'><strong>exspectet!</strong></span> <span class='ocrx_word' id='word_1_158' title='bbox 1738 2676 1766 2707; x_wconf 69' lang='grc' dir='ltr'><strong>τι</strong></span> <span class='ocrx_word' id='word_1_159' title='bbox 1816 2652 2007 2713; x_wconf 90' lang='lat' dir='ltr'><strong>Haud</strong></span> <span class='ocrx_word' id='word_1_160' title='bbox 2048 2652 2279 2730; x_wconf 92' lang='lat' dir='ltr'><strong>ignoro</strong></span> <span class='ocrx_word' id='word_1_161' title='bbox 2333 2651 2524 2715; x_wconf 81' lang='lat' dir='ltr'><strong>Godet</strong></span> <span class='ocrx_word' id='word_1_162' title='bbox 2567 2652 2846 2715; x_wconf 89' lang='lat' dir='ltr'><strong>scribere</strong></span> <span class='ocrx_word' id='word_1_163' title='bbox 2893 2671 2907 2715; x_wconf 75' lang='grc' dir='ltr'><strong><em>ε</em></strong></span> 
     </span>
     <span class='ocr_line' id='line_1_19' title="bbox 785 2758 2907 2839; baseline 0.003 -23"><span class='ocrx_word' id='word_1_164' title='bbox 785 2784 812 2816; x_wconf 70' lang='grc' dir='ltr'><strong>ιι</strong></span> <span class='ocrx_word' id='word_1_165' title='bbox 848 2758 1138 2839; x_wconf 73' lang='lat' dir='ltr'><strong>L’apotre</strong></span> <span class='ocrx_word' id='word_1_166' title='bbox 1182 2768 1329 2821; x_wconf 89' lang='lat' dir='ltr'><strong>veut</strong></span> <span class='ocrx_word' id='word_1_167' title='bbox 1378 2778 1539 2839; x_wconf 93' lang='lat' dir='ltr'><strong>que,</strong></span> <span class='ocrx_word' id='word_1_168' title='bbox 1581 2766 1719 2821; x_wconf 89' lang='lat' dir='ltr'><strong>tous</strong></span> <span class='ocrx_word' id='word_1_169' title='bbox 1766 2777 1834 2821; x_wconf 90' lang='lat' dir='ltr'><strong>se</strong></span> <span class='ocrx_word' id='word_1_170' title='bbox 1864 2766 2137 2821; x_wconf 88' lang='lat' dir='ltr'><strong>mettant</strong></span> <span class='ocrx_word' id='word_1_171' title='bbox 2168 2764 2206 2821; x_wconf 77' lang='lat' dir='ltr'><strong>a</strong></span> <span class='ocrx_word' id='word_1_172' title='bbox 2242 2778 2509 2839; x_wconf 89' lang='lat' dir='ltr'><strong>manger</strong></span> <span class='ocrx_word' id='word_1_173' title='bbox 2538 2760 2867 2824; x_wconf 90' lang='lat' dir='ltr'><strong>ensemhle</strong></span> <span class='ocrx_word' id='word_1_174' title='bbox 2893 2809 2907 2836; x_wconf 84' lang='lat'>,</span> 
     </span>
     <span class='ocr_line' id='line_1_20' title="bbox 777 2866 2905 2946; baseline -0 -17"><span class='ocrx_word' id='word_1_175' title='bbox 777 2868 837 2930; x_wconf 88' lang='lat' dir='ltr'><strong>le</strong></span> <span class='ocrx_word' id='word_1_176' title='bbox 877 2885 1107 2946; x_wconf 87' lang='lat' dir='ltr'><strong>souper</strong></span> <span class='ocrx_word' id='word_1_177' title='bbox 1149 2868 1226 2929; x_wconf 91' lang='lat' dir='ltr'><strong>de</strong></span> <span class='ocrx_word' id='word_1_178' title='bbox 1270 2867 1517 2929; x_wconf 86' lang='lat' dir='ltr'><strong>chacun</strong></span> <span class='ocrx_word' id='word_1_179' title='bbox 1572 2867 1788 2946; x_wconf 88' lang='lat' dir='ltr'><strong>puisse</strong></span> <span class='ocrx_word' id='word_1_180' title='bbox 1835 2866 2107 2929; x_wconf 90' lang='lat' dir='ltr'><strong>devenir</strong></span> <span class='ocrx_word' id='word_1_181' title='bbox 2135 2867 2303 2929; x_wconf 90' lang='lat' dir='ltr'><strong>celui</strong></span> <span class='ocrx_word' id='word_1_182' title='bbox 2352 2868 2431 2930; x_wconf 91' lang='lat' dir='ltr'><strong>de</strong></span> <span class='ocrx_word' id='word_1_183' title='bbox 2472 2886 2572 2930; x_wconf 89' lang='lat' dir='ltr'><strong>ses</strong></span> <span class='ocrx_word' id='word_1_184' title='bbox 2621 2868 2905 2943; x_wconf 82' lang='lat' dir='ltr'><strong>voisins3</strong></span> 
     </span>
     <span class='ocr_line' id='line_1_21' title="bbox 697 2960 2904 3057; baseline -0.002 -19"><span class='ocrx_word' id='word_1_185' title='bbox 697 2960 709 2969; x_wconf 52' lang='lat'><em>⁶</em></span> <span class='ocrx_word' id='word_1_186' title='bbox 774 2976 927 3038; x_wconf 88' lang='lat' dir='ltr'><strong>c&#39;est</strong></span> <span class='ocrx_word' id='word_1_187' title='bbox 946 2994 1060 3056; x_wconf 89' lang='lat' dir='ltr'><strong>par</strong></span> <span class='ocrx_word' id='word_1_188' title='bbox 1075 2975 1139 3036; x_wconf 81' lang='lat' dir='ltr'><strong>la</strong></span> <span class='ocrx_word' id='word_1_189' title='bbox 1157 2995 1281 3055; x_wconf 90' lang='lat' dir='ltr'><strong>que</strong></span> <span class='ocrx_word' id='word_1_190' title='bbox 1299 2976 1359 3036; x_wconf 90' lang='lat' dir='ltr'><strong>le</strong></span> <span class='ocrx_word' id='word_1_191' title='bbox 1386 2992 1569 3055; x_wconf 88' lang='lat' dir='ltr'><strong>repas</strong></span> <span class='ocrx_word' id='word_1_192' title='bbox 1593 2975 1858 3037; x_wconf 88' lang='lat' dir='ltr'><strong>devient</strong></span> <span class='ocrx_word' id='word_1_193' title='bbox 1880 2992 2009 3036; x_wconf 91' lang='lat' dir='ltr'><strong>une</strong></span> <span class='ocrx_word' id='word_1_194' title='bbox 2028 2974 2337 3037; x_wconf 78' lang='lat' dir='ltr'><strong>veritable</strong></span> <span class='ocrx_word' id='word_1_195' title='bbox 2357 2993 2556 3055; x_wconf 85' lang='lat' dir='ltr'><strong>agape</strong></span> <span class='ocrx_word' id='word_1_196' title='bbox 2581 3000 2609 3032; x_wconf 69' lang='lat' dir='ltr'><strong>n</strong></span> <span class='ocrx_word' id='word_1_197' title='bbox 2631 2974 2720 3057; x_wconf 84' lang='lat' dir='ltr'><strong>(p.</strong></span> <span class='ocrx_word' id='word_1_198' title='bbox 2745 2974 2904 3054; x_wconf 75' lang='lat'><strong>182).</strong></span> 
     </span>
     <span class='ocr_line' id='line_1_22' title="bbox 776 3080 2904 3157; baseline -0.001 -14"><span class='ocrx_word' id='word_1_199' title='bbox 776 3083 1305 3145; x_wconf 77' lang='lat' dir='ltr'><strong>perincommode</strong></span> <span class='ocrx_word' id='word_1_200' title='bbox 1340 3088 1553 3144; x_wconf 89' lang='lat' dir='ltr'><strong>autem</strong></span> <span class='ocrx_word' id='word_1_201' title='bbox 1588 3080 1779 3144; x_wconf 76' lang='lat' dir='ltr'><strong>Godet</strong></span> <span class='ocrx_word' id='word_1_202' title='bbox 1803 3081 2000 3157; x_wconf 86' lang='lat' dir='ltr'><strong>solus,</strong></span> <span class='ocrx_word' id='word_1_203' title='bbox 2035 3099 2163 3144; x_wconf 89' lang='lat' dir='ltr'><strong>non</strong></span> <span class='ocrx_word' id='word_1_204' title='bbox 2198 3081 2440 3144; x_wconf 89' lang='lat' dir='ltr'><strong>Paulus</strong></span> <span class='ocrx_word' id='word_1_205' title='bbox 2469 3081 2629 3144; x_wconf 89' lang='lat' dir='ltr'><strong>haec</strong></span> <span class='ocrx_word' id='word_1_206' title='bbox 2659 3082 2904 3144; x_wconf 88' lang='lat' dir='ltr'><strong>scribit.</strong></span> 
     </span>
     <span class='ocr_line' id='line_1_23' title="bbox 774 3187 2903 3266; baseline -0.001 -15"><span class='ocrx_word' id='word_1_207' title='bbox 774 3190 1021 3251; x_wconf 91' lang='lat' dir='ltr'><strong>Mirum</strong></span> <span class='ocrx_word' id='word_1_208' title='bbox 1050 3207 1226 3264; x_wconf 80' lang='lat' dir='ltr'><strong>sane,</strong></span> <span class='ocrx_word' id='word_1_209' title='bbox 1260 3196 1328 3249; x_wconf 91' lang='lat' dir='ltr'><strong>ut</strong></span> <span class='ocrx_word' id='word_1_210' title='bbox 1352 3187 1605 3266; x_wconf 86' lang='lat' dir='ltr'><strong>opinor,</strong></span> <span class='ocrx_word' id='word_1_211' title='bbox 1636 3197 1802 3250; x_wconf 89' lang='lat' dir='ltr'><strong>esset</strong></span> <span class='ocrx_word' id='word_1_212' title='bbox 1832 3187 2109 3249; x_wconf 90' lang='lat' dir='ltr'><strong>Paulum</strong></span> <span class='ocrx_word' id='word_1_213' title='bbox 2137 3205 2211 3249; x_wconf 86' lang='lat' dir='ltr'><strong>ea</strong></span> <span class='ocrx_word' id='word_1_214' title='bbox 2235 3205 2367 3251; x_wconf 87' lang='lat' dir='ltr'><strong>non</strong></span> <span class='ocrx_word' id='word_1_215' title='bbox 2392 3187 2595 3251; x_wconf 84' lang='lat' dir='ltr'><strong>fuisse</strong></span> <span class='ocrx_word' id='word_1_216' title='bbox 2620 3188 2903 3250; x_wconf 88' lang='lat' dir='ltr'><strong>locutum</strong></span> 
     </span>
     <span class='ocr_line' id='line_1_24' title="bbox 770 3293 2905 3377; baseline -0 -20"><span class='ocrx_word' id='word_1_217' title='bbox 770 3313 933 3375; x_wconf 90' lang='lat' dir='ltr'><strong>quae</strong></span> <span class='ocrx_word' id='word_1_218' title='bbox 961 3345 975 3372; x_wconf 85' lang='lat'>,</span> <span class='ocrx_word' id='word_1_219' title='bbox 1012 3295 1082 3355; x_wconf 89' lang='lat' dir='ltr'><strong>in</strong></span> <span class='ocrx_word' id='word_1_220' title='bbox 1112 3293 1228 3355; x_wconf 89' lang='lat' dir='ltr'><strong>illa</strong></span> <span class='ocrx_word' id='word_1_221' title='bbox 1271 3295 1642 3358; x_wconf 88' lang='lat' dir='ltr'><strong>conditione</strong></span> <span class='ocrx_word' id='word_1_222' title='bbox 1688 3295 1797 3356; x_wconf 88' lang='lat' dir='ltr'><strong>ubi</strong></span> <span class='ocrx_word' id='word_1_223' title='bbox 1850 3313 1998 3357; x_wconf 91' lang='lat' dir='ltr'><strong>eum</strong></span> <span class='ocrx_word' id='word_1_224' title='bbox 2033 3296 2185 3374; x_wconf 89' lang='lat' dir='ltr'><strong>poni</strong></span> <span class='ocrx_word' id='word_1_225' title='bbox 2221 3295 2524 3377; x_wconf 87' lang='lat' dir='ltr'><strong>cupiunt,</strong></span> <span class='ocrx_word' id='word_1_226' title='bbox 2556 3296 2905 3356; x_wconf 86' lang='lat' dir='ltr'><strong>maximam</strong></span> 
     </span>
     <span class='ocr_line' id='line_1_25' title="bbox 768 3401 2905 3483; baseline -0 -17"><span class='ocrx_word' id='word_1_227' title='bbox 768 3404 904 3466; x_wconf 87' lang='lat' dir='ltr'><strong>vim</strong></span> <span class='ocrx_word' id='word_1_228' title='bbox 933 3403 1334 3465; x_wconf 87' lang='lat' dir='ltr'><strong>habuissent.</strong></span> <span class='ocrx_word' id='word_1_229' title='bbox 1367 3402 1618 3464; x_wconf 89' lang='lat' dir='ltr'><strong>Deinde</strong></span> <span class='ocrx_word' id='word_1_230' title='bbox 1646 3401 1762 3463; x_wconf 87' lang='lat' dir='ltr'><strong>illa</strong></span> <span class='ocrx_word' id='word_1_231' title='bbox 1788 3421 2145 3483; x_wconf 92' lang='lat' dir='ltr'><strong>pauperum</strong></span> <span class='ocrx_word' id='word_1_232' title='bbox 2175 3421 2247 3465; x_wconf 90' lang='lat' dir='ltr'><strong>ac</strong></span> <span class='ocrx_word' id='word_1_233' title='bbox 2271 3403 2546 3465; x_wconf 88' lang='lat' dir='ltr'><strong>divitum</strong></span> <span class='ocrx_word' id='word_1_234' title='bbox 2577 3402 2905 3465; x_wconf 88' lang='lat' dir='ltr'><strong>distinctio</strong></span> 
     </span>
     <span class='ocr_line' id='line_1_26' title="bbox 767 3509 2899 3588; baseline -0.001 -16"><span class='ocrx_word' id='word_1_235' title='bbox 767 3510 963 3573; x_wconf 87' lang='lat' dir='ltr'><strong>efficit</strong></span> <span class='ocrx_word' id='word_1_236' title='bbox 993 3518 1061 3571; x_wconf 91' lang='lat' dir='ltr'><strong>ut</strong></span> <span class='ocrx_word' id='word_1_237' title='bbox 1089 3509 1293 3571; x_wconf 89' lang='lat' dir='ltr'><strong>Paulo</strong></span> <span class='ocrx_word' id='word_1_238' title='bbox 1333 3509 1691 3570; x_wconf 88' lang='lat' dir='ltr'><strong>sententiae</strong></span> <span class='ocrx_word' id='word_1_239' title='bbox 1737 3527 2000 3588; x_wconf 90' lang='lat' dir='ltr'><strong>prorsus</strong></span> <span class='ocrx_word' id='word_1_240' title='bbox 2048 3509 2466 3571; x_wconf 87' lang='lat' dir='ltr'><strong>admirabiles</strong></span> <span class='ocrx_word' id='word_1_241' title='bbox 2517 3510 2899 3572; x_wconf 87' lang='lat' dir='ltr'><strong>tribuantur.</strong></span> 
     </span>
     <span class='ocr_line' id='line_1_27' title="bbox 765 3617 2898 3702; baseline -0 -22"><span class='ocrx_word' id='word_1_242' title='bbox 765 3619 843 3680; x_wconf 90' lang='lat' dir='ltr'><strong>In</strong></span> <span class='ocrx_word' id='word_1_243' title='bbox 877 3639 936 3680; x_wconf 88' lang='lat' dir='ltr'><strong>v.</strong></span> <span class='ocrx_word' id='word_1_244' title='bbox 994 3618 1103 3692; x_wconf 83' lang='lat'><strong>34,</strong></span> <span class='ocrx_word' id='word_1_245' title='bbox 1149 3619 1219 3677; x_wconf 90' lang='lat' dir='ltr'><strong>in</strong></span> <span class='ocrx_word' id='word_1_246' title='bbox 1255 3617 1546 3679; x_wconf 86' lang='lat' dir='ltr'><strong>confesso</strong></span> <span class='ocrx_word' id='word_1_247' title='bbox 1594 3626 1690 3679; x_wconf 90' lang='lat' dir='ltr'><strong>est</strong></span> <span class='ocrx_word' id='word_1_248' title='bbox 1740 3618 2099 3680; x_wconf 90' lang='lat' dir='ltr'><strong>esurientes</strong></span> <span class='ocrx_word' id='word_1_249' title='bbox 2136 3617 2335 3702; x_wconf 74' lang='grc' dir='ltr'>(πεινᾷ)</span> <span class='ocrx_word' id='word_1_250' title='bbox 2387 3636 2697 3697; x_wconf 84' lang='lat' dir='ltr'><strong>pauperes</strong></span> <span class='ocrx_word' id='word_1_251' title='bbox 2727 3636 2898 3694; x_wconf 88' lang='lat' dir='ltr'><strong>esse,</strong></span> 
     </span>
     <span class='ocr_line' id='line_1_28' title="bbox 763 3725 2902 3805; baseline -0.001 -16"><span class='ocrx_word' id='word_1_252' title='bbox 763 3744 890 3789; x_wconf 91' lang='lat' dir='ltr'><strong>non</strong></span> <span class='ocrx_word' id='word_1_253' title='bbox 952 3726 1181 3787; x_wconf 88' lang='lat' dir='ltr'><strong>divites</strong></span> <span class='ocrx_word' id='word_1_254' title='bbox 1232 3726 1345 3804; x_wconf 91' lang='lat' dir='ltr'><strong>qui</strong></span> <span class='ocrx_word' id='word_1_255' title='bbox 1397 3725 1708 3788; x_wconf 89' lang='lat' dir='ltr'><strong>arbitratu</strong></span> <span class='ocrx_word' id='word_1_256' title='bbox 1765 3741 1882 3787; x_wconf 92' lang='lat' dir='ltr'><strong>suo</strong></span> <span class='ocrx_word' id='word_1_257' title='bbox 1937 3726 2125 3787; x_wconf 88' lang='lat' dir='ltr'><strong>edere</strong></span> <span class='ocrx_word' id='word_1_258' title='bbox 2184 3735 2450 3805; x_wconf 90' lang='lat' dir='ltr'><strong>possunt</strong></span> <span class='ocrx_word' id='word_1_259' title='bbox 2497 3734 2560 3787; x_wconf 89' lang='lat' dir='ltr'><strong>et</strong></span> <span class='ocrx_word' id='word_1_260' title='bbox 2615 3725 2902 3805; x_wconf 92' lang='lat' dir='ltr'><strong>quotidie</strong></span> 
     </span>
     <span class='ocr_line' id='line_1_29' title="bbox 762 3832 2900 3913; baseline -0.001 -17"><span class='ocrx_word' id='word_1_261' title='bbox 762 3833 1015 3912; x_wconf 90' lang='lat' dir='ltr'><strong>saepius</strong></span> <span class='ocrx_word' id='word_1_262' title='bbox 1048 3833 1410 3913; x_wconf 88' lang='lat' dir='ltr'><strong>epulantur.</strong></span> <span class='ocrx_word' id='word_1_263' title='bbox 1446 3833 1845 3913; x_wconf 87' lang='lat' dir='ltr'><strong>Pauperibus</strong></span> <span class='ocrx_word' id='word_1_264' title='bbox 1879 3850 2066 3911; x_wconf 89' lang='lat' dir='ltr'><strong>ergo,</strong></span> <span class='ocrx_word' id='word_1_265' title='bbox 2101 3832 2213 3912; x_wconf 91' lang='lat' dir='ltr'><strong>qui</strong></span> <span class='ocrx_word' id='word_1_266' title='bbox 2246 3832 2415 3893; x_wconf 92' lang='lat' dir='ltr'><strong>nihil</strong></span> <span class='ocrx_word' id='word_1_267' title='bbox 2446 3840 2558 3894; x_wconf 91' lang='lat' dir='ltr'><strong>aut</strong></span> <span class='ocrx_word' id='word_1_268' title='bbox 2584 3850 2900 3913; x_wconf 90' lang='lat' dir='ltr'><strong>perpauca</strong></span> 
     </span>
    </p>

    <p class='ocr_par' dir='ltr' id='par_1_7' title="bbox 759 3922 2950 4237">
     <span class='ocr_line' id='line_1_30' title="bbox 761 3922 2950 4021; baseline -0 -19"><span class='ocrx_word' id='word_1_269' title='bbox 761 3941 1117 4021; x_wconf 88' lang='lat' dir='ltr'><strong>possident,</strong></span> <span class='ocrx_word' id='word_1_270' title='bbox 1160 3941 1403 4002; x_wconf 87' lang='lat' dir='ltr'><strong>Paulus</strong></span> <span class='ocrx_word' id='word_1_271' title='bbox 1445 3941 1685 4002; x_wconf 89' lang='lat' dir='ltr'><strong>diceret</strong></span> <span class='ocrx_word' id='word_1_272' title='bbox 1719 3965 1732 4000; x_wconf 75' lang='grc' dir='ltr'>ε</span> <span class='ocrx_word' id='word_1_273' title='bbox 1781 3939 1960 4002; x_wconf 89' lang='lat' dir='ltr'><strong>domi</strong></span> <span class='ocrx_word' id='word_1_274' title='bbox 1989 3922 2403 4001; x_wconf 80' lang='lat' dir='ltr'><strong>manducate!</strong></span> <span class='ocrx_word' id='word_1_275' title='bbox 2440 3938 2723 4001; x_wconf 87' lang='lat' dir='ltr'><strong>Stultitia</strong></span> <span class='ocrx_word' id='word_1_276' title='bbox 2755 3955 2895 4018; x_wconf 92' lang='lat' dir='ltr'><strong>pro·</strong></span> <span class='ocrx_word' id='word_1_277' title='bbox 2945 3924 2950 3929; x_wconf 41' lang='lat'><strong><em>⁴</em></strong></span> 
     </span>
     <span class='ocr_line' id='line_1_31' title="bbox 759 4045 2893 4128; baseline -0.002 -17"><span class='ocrx_word' id='word_1_278' title='bbox 759 4050 922 4112; x_wconf 83' lang='lat' dir='ltr'><strong>fecto</strong></span> <span class='ocrx_word' id='word_1_279' title='bbox 948 4058 1060 4110; x_wconf 91' lang='lat' dir='ltr'><strong>aut</strong></span> <span class='ocrx_word' id='word_1_280' title='bbox 1086 4066 1315 4127; x_wconf 91' lang='lat' dir='ltr'><strong>parum</strong></span> <span class='ocrx_word' id='word_1_281' title='bbox 1347 4049 1672 4127; x_wconf 89' lang='lat' dir='ltr'><strong>benignus</strong></span> <span class='ocrx_word' id='word_1_282' title='bbox 1695 4049 1881 4127; x_wconf 91' lang='lat' dir='ltr'><strong>jocus</strong></span> <span class='ocrx_word' id='word_1_283' title='bbox 1911 4045 2018 4127; x_wconf 86' lang='lat' dir='ltr'><strong>(cf.</strong></span> <span class='ocrx_word' id='word_1_284' title='bbox 2051 4047 2219 4123; x_wconf 87' lang='lat' dir='ltr'><strong>Jac.,</strong></span> <span class='ocrx_word' id='word_1_285' title='bbox 2258 4047 2346 4123; x_wconf 90' lang='lat' dir='ltr'><strong>II,</strong></span> <span class='ocrx_word' id='word_1_286' title='bbox 2388 4046 2518 4128; x_wconf 79' lang='grc'>16)1</span> <span class='ocrx_word' id='word_1_287' title='bbox 2553 4045 2893 4126; x_wconf 78' lang='lat' dir='ltr'><strong>ObJectan·</strong></span> 
     </span>
     <span class='ocr_line' id='line_1_32' title="bbox 759 4153 2890 4237; baseline -0.002 -16"><span class='ocrx_word' id='word_1_288' title='bbox 759 4158 927 4221; x_wconf 89' lang='lat' dir='ltr'><strong>tibus</strong></span> <span class='ocrx_word' id='word_1_289' title='bbox 983 4157 1089 4237; x_wconf 89' lang='lat'>(1)·</span> <span class='ocrx_word' id='word_1_290' title='bbox 1124 4157 1577 4236; x_wconf 88' lang='lat' dir='ltr'><strong>interpretibus</strong></span> <span class='ocrx_word' id='word_1_291' title='bbox 1636 4162 2045 4234; x_wconf 89' lang='lat' dir='ltr'><strong>praeceptum</strong></span> <span class='ocrx_word' id='word_1_292' title='bbox 2094 4173 2155 4218; x_wconf 90' lang='lat' dir='ltr'><strong>v.</strong></span> <span class='ocrx_word' id='word_1_293' title='bbox 2214 4153 2290 4217; x_wconf 84' lang='lat'><strong>34</strong></span> <span class='ocrx_word' id='word_1_294' title='bbox 2332 4170 2462 4216; x_wconf 86' lang='lat' dir='ltr'><strong>nou</strong></span> <span class='ocrx_word' id='word_1_295' title='bbox 2503 4153 2890 4234; x_wconf 88' lang='lat' dir='ltr'><strong>pauperibus</strong></span> 
     </span>
    </p>
   </div>
   <div class='ocr_carea' id='block_1_5' title="bbox 821 4375 2891 4462">
    <p class='ocr_par' dir='ltr' id='par_1_8' title="bbox 821 4375 2891 4462">
     <span class='ocr_line' id='line_1_33' title="bbox 821 4375 2891 4462; baseline -0.002 -15"><span class='ocrx_word' id='word_1_296' title='bbox 821 4399 887 4462; x_wconf 89' lang='lat'><strong>(1)</strong></span> <span class='ocrx_word' id='word_1_297' title='bbox 924 4399 1022 4448; x_wconf 83' lang='lat' dir='ltr'><strong>Illa</strong></span> <span class='ocrx_word' id='word_1_298' title='bbox 1059 4399 1296 4462; x_wconf 87' lang='lat' dir='ltr'><strong>objectio</strong></span> <span class='ocrx_word' id='word_1_299' title='bbox 1337 4399 1471 4448; x_wconf 87' lang='lat' dir='ltr'><strong>satis</strong></span> <span class='ocrx_word' id='word_1_300' title='bbox 1512 4402 1662 4447; x_wconf 89' lang='lat' dir='ltr'><strong>recta</strong></span> <span class='ocrx_word' id='word_1_301' title='bbox 1701 4375 2003 4448; x_wconf 73' lang='lat' dir='ltr'><strong>videretur.</strong></span> <span class='ocrx_word' id='word_1_302' title='bbox 2052 4397 2191 4449; x_wconf 87' lang='lat' dir='ltr'><strong>Nam</strong></span> <span class='ocrx_word' id='word_1_303' title='bbox 2234 4396 2380 4446; x_wconf 90' lang='lat' dir='ltr'><strong>idem</strong></span> <span class='ocrx_word' id='word_1_304' title='bbox 2428 4399 2784 4460; x_wconf 86' lang='lat' dir='ltr'><strong>praeceptum</strong></span> <span class='ocrx_word' id='word_1_305' title='bbox 2832 4395 2891 4443; x_wconf 87' lang='lat' dir='ltr'><strong>in</strong></span> 
     </span>
    </p>
   </div>
  </div>
 </body>
</html>
