3559 5609
758 866 820 917 10
1689 867 1740 926 1,
1780 865 1950 916 14-15.

758 983 1058 1060 absurde,
1095 986 1351 1064 pouvait
1381 982 1661 1046 sembler
1689 984 1834 1063 plus
1862 981 2240 1045 admissible
2266 982 2427 1046 dans
2455 980 2551 1044 les
2572 982 2902 1063 premiers·

756 1096 961 1171 temps
1005 1090 1084 1153 de
1114 1091 1409 1170 l'Eglise‚
1446 1099 1695 1155 surtout
1724 1109 1803 1152 en
1836 1090 2118 1153 Grece...
2156 1090 2444 1171 L'apotre
2487 1090 2599 1165 des
2632 1089 2885 1151 Gentils

757 1197 991 1277 passait
1020 1215 1169 1259 sans
1207 1199 1429 1273 doute,
1473 1218 1595 1262 aux
1639 1218 1809 1279 yeux
1854 1199 2008 1262 d'un
2045 1198 2249 1278 grand
2289 1198 2588 1273 nombre,
2627 1214 2788 1277 pour
2825 1195 2887 1258 le

762 1307 900 1367 vrai
934 1306 1274 1369 fondateur
1313 1307 1392 1369 de
1430 1308 1489 1369 la
1524 1307 1804 1385 religion
1835 1307 1993 1387 qu'il
2024 1309 2419 1388 propageait3
2465 1315 2527 1368 et
2560 1305 2623 1367 la
2653 1320 2884 1385 suppo-

758 1414 951 1475 sition
982 1412 1140 1493 qu'il
1170 1415 1421 1477 combat
1449 1415 1535 1477 ici
1571 1416 1831 1494 pouvait
1859 1415 2040 1476 avoir
2068 1415 2234 1475 ainsi
2281 1433 2368 1475 un
2402 1415 2642 1476 certain
2689 1413 2885 1491 degre

754 1520 833 1602 de
877 1519 1350 1583 ressemblance
1377 1520 1492 1603 (1).
1536 1545 1563 1577 »
1610 1521 1847 1583 Miram
1878 1521 2143 1599 quidem
2178 1520 2256 1583 de
2295 1520 2655 1583 Corinthiis
2688 1518 2881 1581 chris-

756 1626 941 1689 tianis
964 1625 1144 1689 Godet
1160 1629 1605 1705 cogitationem
1630 1627 1843 1689 habet.
1871 1627 2255 1690 Christianos
2272 1626 2449 1688 enim
2470 1626 2538 1687 iu
2549 1634 2640 1688 ter
2660 1626 2884 1689 Corin-

756 1734 926 1796 thios
960 1733 1206 1797 Paulus
1234 1733 1591 1815 compellat.
1632 1734 1966 1808 Quomodo
1989 1751 2119 1795 non
2151 1740 2494 1795 senserunt
2522 1733 2591 1796 h.
2619 1732 2662 1793 l.
2695 1732 2884 1796 modo

753 1842 833 1904 ad
853 1841 1206 1903 absurdum
1229 1841 1699 1916 reductionem,
1728 1858 1894 1920 quae
1916 1839 2171 1916 dicitur,
2197 1857 2346 1901 cum
2369 1839 2672 1901 irrisione
2694 1856 2833 1902 esse
2864 1856 2878 1899 ε

763 1972 789 2004 ι
840 1949 1005 2026 Ergo
1048 1948 1120 2009 in
1159 1957 1371 2028 partes
1411 1947 1831 2021 dividimini,
1878 1946 2142 2007 insani?
2186 1963 2345 2007 num
2391 1946 2548 2007 sorte
2585 1945 2884 2008 Christus

748 2054 996 2117 divisus
1037 2056 1168 2116 est‘l
1210 2054 1448 2134 (prima
1480 2054 1638 2116 haec
1674 2061 1767 2116 est
1805 2052 2075 2115 stultitia
2108 2070 2273 2131 quae
2307 2051 2637 2115 dialectice
2678 2071 2712 2114 e
2747 2070 2885 2113 ves-

752 2171 845 2224 tra
869 2162 1106 2240 agendi
1137 2162 1386 2224 ratione
1416 2163 1702 2224 nascitur
1731 2178 1971 2241 vosque
2002 2159 2380 2242 redarguit).
2411 2159 2736 2222 Paulusne
2766 2174 2882 2238 pro

746 2270 925 2331 vobis
951 2270 1296 2331 crucifixus
1327 2278 1455 2342 est,
1487 2286 1573 2331 an
1603 2268 1672 2329 in
1699 2269 1966 2331 nomine
1997 2267 2188 2329 Pauli
2217 2267 2516 2347 baptizati
2540 2266 2733 2328 estis?
2760 2265 2883 2347 (se-

747 2378 957 2441 cunda
980 2395 1052 2440 ac
1079 2378 1263 2439 tertia
1283 2375 1574 2456 ejusdem
1605 2375 1857 2437 farinae
1887 2374 2275 2454 insulsitaS.)
2308 2400 2336 2431 n
2371 2375 2591 2452 Pergit
2612 2373 2878 2453 quidem

746 2484 1013 2559 PauluS,
1045 2483 1289 2545 ironice
1320 2500 1573 2562 semper
1602 2506 1616 2542 ε
1651 2507 1678 2537 <1
1712 2481 1975 2545 Gaudeo
2002 2500 2158 2543 sane
2183 2481 2354 2561 quod
2383 2481 2714 2542 neminem
2740 2498 2882 2542 ves—

749 2600 919 2653 trum
950 2590 1299 2669 baptizavi!
1334 2590 1519 2664 Quod
1552 2590 1608 2650 si
1641 2589 1963 2664 fecissem,
1995 2589 2261 2668 quidam
2289 2590 2378 2649 ita
2411 2589 2682 2648 insanus
2706 2586 2880 2648 iuter

752 2714 863 2760 vos
912 2696 1227 2757 nimirum
1278 2695 1508 2757 fuisset
1529 2742 1542 2768 ‚
1600 2702 1669 2756 ut
1713 2712 1822 2757 vos
1875 2727 1953 2736 -
2001 2711 2038 2756 o
2091 2693 2450 2756 dementia!
2493 2728 2570 2739 —
2615 2695 2682 2755 in
2733 2710 2879 2755 meo

747 2803 1011 2865 nomine
1046 2802 1390 2881 baptizatos
1426 2801 1623 2863 fuisse
1654 2802 1991 2863 induceret
2026 2800 2351 2862 animum!
2391 2824 2419 2857 »
2455 2800 2578 2862 Illa
2614 2808 2877 2861 senten-

749 2910 832 2972 tia
863 2928 1075 2990 neque
1096 2908 1212 2971 illo
1241 2917 1525 2988 tempore
1556 2910 1761 2987 magis
1793 2925 1989 2987 quam
2011 2908 2202 2970 hodie
2232 2908 2433 2988 accipi
2463 2916 2729 2986 poterat,
2765 2924 2878 2969 ne-

747 3036 871 3099 que
903 3019 1121 3079 minus
1142 3016 1500 3079 Corinthiis
1524 3033 1721 3096 quam
1752 3015 1937 3076 nobis
1970 3014 2304 3077 videbatur
2334 3014 2585 3078 stolida.
2623 3016 2673 3076 E
2705 3034 2763 3075 v.
2806 3014 2877 3078 13

743 3124 908 3187 illud
935 3123 1320 3205 jamdudum
1352 3123 1736 3185 concludere
1761 3123 2081 3185 debebant
2111 3123 2518 3202 interpreteS,
2550 3122 2681 3183 nisi
2716 3123 2876 3184 forte

745 3233 1190 3294 existimarent
1218 3231 1543 3295 Corinthii
1578 3230 1864 3293 Paulum
1899 3249 2013 3310 pro
2042 3232 2174 3294 illis
2208 3232 2590 3294 crucifixum
2635 3231 2875 3293 fuisse?

745 3340 823 3399 In
854 3322 1273 3418 explicatione
1305 3356 1448 3402 mea
1471 3337 1639 3401 nihil
1659 3347 1754 3399 est
1781 3356 1897 3401 cur
1921 3339 2179 3401 mireris
2209 3357 2268 3399 v.
2294 3340 2592 3421 εὐχαριστῶ
2617 3341 2684 3401 in
2713 3358 2774 3402 v.
2805 3339 2874 3400 14
2914 3353 2924 3361 ·

747 3453 1127 3524 usurpatum
1172 3445 1393 3507 fuisse.
1442 3446 1592 3509 Non
1644 3464 1889 3523 nugaS‚
1938 3445 2050 3508 sed
2095 3446 2375 3508 ironiam
2423 3454 2734 3508 moestam
2777 3454 2875 3508 at-

744 3569 872 3633 que
905 3552 1308 3629 indignatam
1341 3552 1412 3612 in
1447 3552 1513 3613 h.
1545 3570 1605 3611 v.
1642 3552 2212 3632 deprehendimus,
2247 3552 2547 3615 Ceterum
2574 3570 2873 3632 praesens

744 3660 1041 3743 εὐχαριστῶ
1059 3676 1186 3720 non
1208 3661 1427 3739 utique
1449 3659 1692 3721 indicat
1710 3659 1990 3721 Paulum
2013 3677 2233 3721 revera
2250 3660 2385 3722 Deo
2402 3661 2637 3738 gratias
2658 3678 2866 3738 agere.

742 3766 993 3829 Iudicat
1022 3766 1181 3827 forte
1211 3767 1403 3829 modo
1425 3767 1769 3828 consilium
1801 3765 1924 3847 (Cf.
1957 3768 2139 3842 XVI,
2174 3768 2245 3843 53
2274 3767 2422 3842 XV,
2465 3770 2527 3843 13
2556 3768 2713 3844 XII,
2742 3767 2867 3850 31).

746 3872 870 3934 Hic
919 3890 1220 3950 praesens
1275 3881 1525 3953 tempus
1580 3873 1956 3936 invenimus
2000 3892 2037 3935 a
2079 3875 2521 3951 grammaticis
2564 3900 2591 3932 «
2643 3877 2722 3938 de
2767 3893 2867 3938 co-

743 3989 898 4068 natu
926 3981 1014 4060 (2)
1050 4006 1077 4036 n
1113 3989 1588 4061 nuncupatum,
1621 3981 1792 4062 quod
1823 4000 2009 4061 saepe
2038 3983 2278 4056 nisum,
2317 3983 2646 4064 inceptum
2682 3985 2868 4065 quus
2978 4067 2982 4072 .

802 4248 867 4311 (1)
895 4247 1318 4311 Typographica
1346 4247 1547 4297 menda
1574 4247 1836 4298 videlicet
1858 4261 1871 4307 ;
1900 4249 2021 4311 lege
2056 4263 2067 4296 ε
2102 4252 2565 4301 vraisemblance.

802 4336 871 4400 (2)
899 4340 1093 4398 Reyles
1120 4340 1572 4397 fundamentales
1602 4340 1670 4386 de
1703 4341 1755 4386 la
1779 4342 2028 4396 Suntaxe
2051 4353 2307 4401 yrecque,
2332 4354 2431 4403 par
2451 4340 2519 4389 M.
2547 4341 2789 4405 Seyffert
2814 4346 2868 4391 et

742 4428 808 4477 A.
832 4441 944 4478 von
966 4426 1256 4491 Bamberg,
1281 4427 1419 4478 trad.
1450 4442 1549 4491 par
1575 4426 1802 4488 Cucuel‚
1825 4417 1940 4480 rev,
1970 4443 2069 4493 par
2093 4428 2382 4481 Riemann.
2402 4456 2466 4469 -
2495 4430 2863 4483 Klincksieck.
