3559 5609
1613 800 1716 868 lx,
1749 806 1802 857 ’1.
2712 804 2774 857 98

642 921 822 983 enim
877 922 1098 1000 nobis,
1149 921 1205 982 si
1261 920 1906 997 manducaverimus,
1966 921 2323 1001 quidquam
2379 920 2720 1004 adjicietur
2756 943 2771 999 ς

643 1045 854 1109 neque
883 1028 935 1089 si
967 1046 1097 1090 non
1130 1029 1769 1104 manducaverimus,
1803 1028 2177 1092 detrahetur
2206 1028 2586 1110 quidquam

722 1133 978 1197 Paulus.
1028 1166 1111 1183 —
1164 1126 1387 1197 Videte
1437 1127 1657 1197 au'tem
1702 1150 1787 1197 ne
1832 1134 1994 1197 forte
2041 1136 2201 1199 haec
2249 1135 2514 1200 licentia
2558 1145 2776 1200 vestra

642 1241 1111 1306 offendiculum
1139 1242 1253 1304 flat
1278 1240 1603 1318 1011111110,
1636 1248 1784 1304 οιο..

569 1400 580 1411 .
725 1349 942 1412 Invito
985 1347 1196 1425 Godot,
1242 1346 1469 1410 multis
1514 1347 1975 1428 interpretibus
2003 1346 2491 1429 (chrysostome,
2527 1348 2773 1426 Calvia,

643 1457 827 1533 Bou,
861 1456 1174 1533 Neandon
1207 1458 1281 1519 dc
1314 1454 1527 1534 Wotte)
1553 1454 1894 1532 assentior,
1927 1456 2042 1535 qui
2069 1456 2323 1519 duobus
2352 1457 2455 1518 ιίσί
2486 1476 2544 1519 v.
2573 1458 2609 1519 5
2643 1459 2776 1520 vim

643 1561 918 1643 logicam
946 1571 1195 1626 tantum
1222 1564 1537 1626 tribuunt.
1558 1561 1784 1626 Solum
1816 1562 2197 1641 tautologiae
2224 1563 2476 1627 crimen
2505 1565 2778 1647 objectat

649 1669 856 1733 Godot.
890 1672 1039 1734 Non
1071 1670 1376 1751 equidem
1410 1678 1540 1732 tam
1573 1670 1763 1733 facile
1794 1687 1990 1751 quam
2017 1668 2090 1731 de
2129 1658 2303 1733 Wctte
2332 1671 2413 1733 ad
2442 1672 2779 1735 fatendum

646 1777 815 1840 hanc
859 1776 1425 1842 insimulationem
1476 1777 1837 1856 legitimam
1885 1796 2024 1840 esse
2069 1777 2370 1840 adducar.
2417 1778 2776 1858 propositio

647 1904 812 1968 quae
838 1903 990 1949 cum
1015 1885 1161 1970 εἴπερ
1189 1887 1450 1967 incipit,
1484 1886 1868 1949 inanitatem
1899 1902 2298 1967 paganorum
2328 1886 2597 1950 deorum
2625 1904 2779 1967 prae

648 2012 717 2059 se
742 1995 864 2058 fert
889 1993 1236 2076 (λεγόμενοι),
1267 2002 1461 2074 atque
1489 1993 1827 2056 stultitiam
1857 1994 2203 2057 hominum
2233 1994 2350 2074 qui
2372 1994 2532 2057 adeo
2556 1993 2780 2057 insani

649 2110 833 2182 sunt,
868 2112 938 2166 ut
973 2105 1367 2167 contendant
1408 2121 1516 2166 eos
1563 2121 1703 2166 esse
1732 2122 1749 2165 ε
1785 2102 2131 2184 propositio
2164 2110 2386 2167 contra
2417 2121 2567 2167 cum
2600 2102 2779 2187 ὥσπερ

647 2211 965 2292 incipiens
994 2213 1063 2274 in
1094 2213 1275 2292 copia
1301 2210 1563 2274 illorum
1591 2211 1861 2274 deorum
1889 2220 2345 2286 commoratur,
2379 2229 2575 2292 quam
2606 2212 2779 2274 Pau-

649 2319 751 2382 lus
801 2319 1102 2400 deinceps
1150 2318 1384 2382 unitati
1436 2318 1613 2382 unici
1663 2319 1785 2380 Dei
1835 2319 2137 2399 opponit,
2182 2319 2629 2409 contrapositis
2655 2367 2669 2396 ,
2711 2326 2784 2380 ut

650 2428 820 2508 apud
847 2445 999 2491 eum
1030 2428 1172 2491 fleri
1201 2427 1391 2504 solet,
1419 2428 1635 2491 verbis
1663 2427 1853 2489 πολλοί
1882 2434 1946 2490 et
1973 2420 2070 2495 εἷς.

1433 2740 1438 2745 ¹
1542 2643 1742 2725 v111,
1794 2642 1889 2709 10.

732 2860 881 2925 Non
900 2862 1128 2939 ignoro
1151 2857 1337 2921 illam
1355 2858 1698 2921 verborum
1721 2857 2246 2920 consecutionem
2265 2858 2501 2937 οἰκοδομ.
2532 2859 2605 2926 αῖς
2638 2855 2776 2921 τό...

655 2967 1112 3049 interpretibus
1146 2966 1469 3047 plerisque
1504 2964 1660 3027 satis
1689 2962 2095 3027 commodam
2125 2962 2370 3039 videri,
2406 2980 2527 3026 nec
2567 2972 2783 3028 tamen

654 3093 913 3158 possum
954 3075 1116 3155 quin
1158 3073 1490 3137 insolitam
1522 3072 1706 3135 illam
1753 3071 2043 3153 judicem
2077 3078 2267 3152 atque
2300 3071 2784 3152 perobscurum.

656 3181 1184 3263 Transposuerim
1215 3201 1231 3244 ζ
1268 3180 1359 3242 ἐὰν
1391 3181 1491 3264 γάρ
1517 3203 1597 3249 τις
1630 3214 1710 3227 —
1742 3179 2119 3260 κατακείμενον
2162 3182 2235 3248 εἰς
2267 3178 2329 3239 τὸ
2369 3177 2436 3239 τὰ
2471 3177 2788 3239 εἰδωλόθυτα

655 3289 862 3367 ἰσθίειν,
893 3288 1117 3371 οὐχὶ-
1138 3289 1648 3369 οἰκοδομηθήσεταις
1680 3286 1974 3349 ἀπόλλυται
2001 3288 2176 3371 γάρ...
2211 3287 2352 3363 Quo
2382 3295 2563 3369 paolo
2599 3287 2790 3349 verba

657 3400 731 3466 αις
775 3394 912 3460 τό...
959 3395 1282 3476 praeclare
1327 3414 1477 3459 cum
1520 3395 1902 3477 κατακείμενον
1938 3395 2325 3471 cohaerent,
2369 3393 2793 3475 consultoque

657 3503 909 3566 videtur
959 3501 1202 3565 Paulus
1263 3503 1459 3566 verba
1510 3503 1981 3587 οἰκοδομηθήσεται
2033 3509 2095 3564 et
2149 3499 2443 3562 ἀπόλλυται
2497 3501 2794 3581 proxima

658 3610 912 3687 fecisse,
958 3626 1236 3690 quorum
1281 3627 1631 3674 concursus
1661 3612 1960 3687 animum
2000 3608 2277 3688 legentis
2322 3608 2507 3672 valde
2550 3615 2789 3671 movet.

665 3741 694 3774 ι
731 3718 969 3781 Nonne
994 3716 1483 3781 aedificabitur?
1515 3715 1808 3779 Profecto
1836 3714 2128 3799 quidem.
2164 3714 2335 3778 Nam
2364 3713 2632 3795 peribit!
2679 3736 2707 3770 »

1609 3929 1762 4009 lx,
1798 3929 1852 3992 1.

746 4148 936 4215 Vocis
977 4146 1237 4231 ἐλεύθερος
1279 4147 1352 4207 111
1390 4165 1451 4208 v.
1496 4145 1520 4206 1
1567 4153 1630 4209 et
1668 4145 1739 4207 19
1769 4162 2037 4219 sensum
2077 4160 2209 4207 non
2239 4143 2431 4227 plane
2471 4145 2552 4208 ab
2589 4145 2796 4208 inter-

666 4256 953 4339 pretibus
981 4261 1384 4337 perspectum
1426 4252 1627 4316 tuisse
1669 4254 1982 4334 suspicor.
2028 4249 2215 4315 Godot
2252 4251 2503 4317 subolet
2546 4260 2798 4318 tantum

667 4365 845 4428 notio
891 4362 1205 4426 libertatis
1251 4359 1641 4424 christianae.
1674 4359 1809 4424 Sed
1847 4359 2020 4423 mihi
2062 4375 2197 4423 non
2236 4359 2336 4425 ita
2380 4362 2655 4428 videtur.
2686 4364 2797 4428 21³0
