3559 5609
1478 826 1580 879 xn
1594 864 1610 889 ,
1647 826 1815 881 12-13.
2629 826 2720 879 125

589 944 738 1008 dem
788 948 1106 1010 unitatem
1153 946 1642 1011 demonstrandi
1679 948 1825 1022 via,
1872 946 2313 1009 diversitatem
2358 946 2713 1009 affirmare!

588 1054 812 1131 Unum
838 1055 1010 1131 estiS,
1041 1056 1195 1136 quia
1219 1055 1463 1136 plures!
1497 1054 1664 1118 Mihi
1686 1055 1991 1117 videntur
2010 1073 2071 1116 v.
2114 1052 2185 1116 13
2211 1061 2274 1115 et
2308 1053 2381 1113 14
2412 1052 2528 1133 qui
2557 1053 2719 1115 inci-

583 1165 770 1241 piunt
802 1162 992 1224 ambo
1021 1179 1168 1224 cum
1209 1162 1300 1223 καὶ
1332 1162 1465 1246 γάρ,
1500 1161 1686 1243 quasi
1732 1168 1933 1223 tractu
1972 1161 2107 1239 pari
2140 1161 2264 1223 sihi
2309 1159 2718 1241 respondere.

585 1269 664 1330 V.
703 1268 774 1330 12
799 1270 1029 1331 asserit
1047 1269 1247 1331 simul
1278 1293 1306 1325 α
1330 1269 1628 1332 unitatem
1655 1268 1723 1330 in
1742 1266 2091 1331 diversitate
2116 1292 2144 1324 ι
2170 1276 2232 1330 et
2258 1292 2286 1323 ‹
2306 1266 2722 1331 diversitatem

584 1376 651 1437 in
672 1377 927 1443 unitate.
965 1400 994 1432 ι
1019 1376 1096 1438 V.
1126 1376 1197 1440 13
1221 1377 1291 1438 in
1328 1402 1356 1433 ‹
1390 1377 1624 1439 unitate
1651 1376 1718 1438 in
1747 1375 2122 1454 diversitate,
2148 1400 2176 1431 ι
2210 1395 2271 1437 v.
2312 1375 2383 1438 14
2410 1382 2629 1437 autem
2650 1375 2720 1436 in

597 1508 625 1539 ‹
652 1482 999 1546 diversitate
1033 1484 1100 1546 in
1135 1484 1367 1548 unitate
1397 1509 1423 1539 ι
1464 1491 1922 1548 commoratur.
1974 1517 2053 1531 —
2088 1507 2115 1539 α
2166 1482 2610 1562 L’expression
2642 1482 2722 1546 de

586 1591 761 1653 boire
790 1590 850 1652 le
881 1590 1313 1671 Saint-Esprit
1341 1591 1504 1653 dans
1537 1590 1597 1653 la
1627 1589 1802 1653 Cene
1830 1598 1924 1651 est
1944 1589 2355 1653 ahsolument
2386 1590 2723 1668 otrangere

585 1713 666 1759 au
696 1695 972 1776 langage
1000 1698 1411 1777 scripturaire
1447 1722 1480 1754 »
1523 1697 1745 1777 oincit
1781 1695 1990 1759 Godet.
2029 1698 2116 1758 At
2145 1697 2430 1778 primum
2464 1697 2544 1759 de
2575 1696 2723 1777 Spi-

583 1805 718 1867 ritu
748 1813 969 1867 sancto
987 1805 1245 1885 proprie
1276 1823 1408 1868 non
1430 1806 1666 1884 agitur.
1695 1805 1995 1888 Christus
2018 1810 2225 1884 πνεῦμα
2249 1804 2464 1868 vocari
2494 1811 2721 1884 potest.
2824 1848 2829 1851 Δ

591 1913 727 1976 Hoc
754 1914 934 1976 enim
964 1913 1307 1975 manifeste
1336 1914 1784 1977 demonstrant
1816 1913 1939 1975 XV
1965 1961 1979 1989 ‚
2014 1913 2089 1975 45
2125 1921 2189 1975 et
2230 1914 2265 1973 2
2296 1911 2441 1975 Cor.
2477 1913 2577 1974 III
2599 1959 2615 1986 ‚
2653 1912 2721 1972 17

585 2016 643 2098 (ὁ
672 2018 727 2080 δὲ
761 2018 934 2103 κύριος
961 2020 1023 2080 τὸ
1052 2020 1256 2101 πνεῦμά
1287 2023 1471 2098 ἐστιν).
1505 2021 1603 2082 Ac
1634 2019 1808 2081 nihil
1837 2028 1934 2082 est
1965 2037 2082 2083 cur
2112 2019 2370 2083 mireris
2411 2019 2604 2083 illum
2634 2020 2726 2083 sic

588 2127 659 2188 in
688 2125 829 2190 loco
858 2129 1092 2204 vocari,
1127 2128 1198 2190 iu
1227 2145 1356 2208 quo
1386 2127 1630 2190 Paulus
1657 2128 2030 2191 societatem
2055 2127 2393 2191 Christiet
2421 2128 2726 2191 ecclesiae

591 2251 740 2297 oum
772 2234 1230 2315 conjunctione
1258 2235 1517 2316 spiritus
1552 2242 1614 2298 et
1652 2234 1930 2316 corporis
1968 2235 2234 2298 confert.
2279 2235 2359 2296 In
2393 2233 2507 2298 illo
2554 2254 2615 2298 v.
2653 2235 2726 2299 13

589 2341 834 2403 Paulus
876 2344 1255 2421 pronuntiat
1295 2342 1561 2423 spiritus
1611 2342 1927 2404 unitatem
1971 2340 2054 2422 (ἐν
2090 2340 2165 2402 ἑνὶ
2198 2339 2389 2422 πνεύμ.
2413 2387 2431 2418 ,
2482 2341 2537 2402 ἓν
2571 2340 2724 2423 πν.),

591 2450 874 2530 corporis
905 2450 1220 2512 unitatem
1249 2449 1327 2531 (ὧν
1357 2449 1564 2531 σῶμα),
1600 2449 1901 2530 quamvis
1942 2448 2129 2529 plura
2171 2451 2304 2510 sint
2352 2465 2427 2511 ac
2474 2449 2729 2512 diversa

591 2557 884 2620 membra
910 2557 1015 2638 (v.·
1035 2548 1229 2626 πάντές
1251 2557 1349 2619 his
1377 2556 1768 2638 repetitum).
1804 2559 1881 2619 ln
1913 2556 2028 2619 illa
2056 2557 2427 2619 diversitate
2455 2573 2529 2619 ac
2565 2555 2730 2619 mul-

594 2665 870 2728 titudine
903 2663 1135 2746 (πολλά)
1169 2685 1226 2727 v.
1275 2664 1347 2727 14
1377 2672 1439 2726 et
1469 2682 1568 2745 sq.
1613 2670 2096 2727 commorantur
2120 2711 2134 2739 ,
2174 2663 2473 2744 quamvis
2515 2663 2729 2726 unitas

592 2778 838 2838 constet
863 2772 953 2854 (τὸ
982 2772 1190 2854 σῶμα).
1223 2806 1303 2820 —-
1337 2773 1504 2834 Dein
1534 2772 1731 2843 ποτίζω
1775 2788 1909 2835 non
1951 2771 2032 2834 ad
2068 2770 2393 2852 potulenta
2434 2778 2684 2834 tantum
2707 2816 2726 2848 ‚

595 2881 706 2943 sed
728 2882 922 2943 etiam
942 2881 1025 2943 ad
1046 2879 1375 2943 esculenta
1403 2879 1803 2958 designanda
1824 2889 2171 2959 usurpatur
2201 2898 2215 2940 ε
2244 2878 2416 2959 quod
2442 2896 2517 2941 ex
2543 2878 2670 2955 111,
2694 2880 2730 2940 2

594 2986 1136 3050 concludendum.
1175 2986 1279 3048 Ad
1310 3003 1547 3066 panem
1581 2986 1785 3065 igitur
1814 3003 2018 3064 aeque
2052 3003 2126 3047 ac
2159 2986 2239 3046 ad
2274 2985 2500 3048 vinum
2531 2986 2729 3066 perti-

595 3102 705 3157 net
730 3095 853 3157 hoc
879 3095 1148 3156 verbum
1179 3093 1297 3174 (1).
1329 3127 1408 3140 -
1442 3090 1569 3155 Sed
1604 3118 1631 3150 «
1668 3094 1829 3155 dans
1860 3111 1930 3156 ce
1965 3110 2112 3156 sens
2135 3141 2149 3169 ‚
2192 3117 2220 3149 n
2259 3093 2468 3173 pergit
2502 3091 2726 3169 Godet,

600 3224 627 3256 α
644 3200 821 3264 l’aor.
842 3200 1189 3281 ἐποτίσθημεν
1202 3219 1283 3262 ne
1295 3201 1774 3282 s'expliquerait
1787 3217 1898 3281 pas
1914 3199 2439 3278 naturellement‚
2453 3200 2731 3279 puisque

596 3307 780 3371 l’acte
810 3309 1234 3372 sacramentel
1266 3308 1657 3389 s'accomplit
1686 3309 1973 3388 toujours
2008 3308 2087 3371 de
2120 3325 2439 3372 nouveau.
2490 3331 2518 3365 u
2553 3309 2732 3383 Quae

597 3417 905 3480 adversus
950 3434 1017 3478 se
1050 3417 1266 3496 ipsum
1302 3415 1493 3479 Godet
1515 3417 1765 3478 asserit.
1805 3416 1976 3478 Nam
2012 3434 2048 3477 a
2083 3415 2324 3496 Spiritu
2361 3417 2730 3480 communi-

598 3532 736 3587 cata
789 3523 1177 3586 charismata
1234 3541 1364 3588 non
1423 3523 1622 3586 semel
1678 3506 2126 3604 accipiuntur3
2187 3542 2441 3605 semper
2492 3526 2732 3587 iterum

600 3631 860 3711 spiritus
903 3632 1129 3695 effusio
1170 3649 1207 3693 a
1255 3649 1382 3725 quo
1433 3631 1942 3706 distribuuntur,
1987 3631 2359 3694 renovanda
2402 3640 2520 3694 est.
2566 3633 2732 3694 Pro-

600 3739 827 3817 phetae
858 3746 928 3800 ut
966 3740 1329 3820 prophetet,
1380 3739 1910 3819 quotiescumque
1941 3738 2321 3819 prophetare
2353 3738 2523 3814 vult,
2568 3756 2731 3802 nova

600 3846 992 3910 revelatione
1021 3865 1182 3927 opus
1227 3854 1322 3909 est
1360 3846 1470 3928 (cf.
1520 3846 1710 3923 xlv,
1768 3844 1895 3928 30).
1931 3845 2069 3910 Neo
2113 3845 2456 3925 glossolalo
2485 3863 2737 3927 semper

663 4141 733 4206 (1)
762 4141 909 4192 Nota
948 4140 1062 4191 vim
1105 4154 1270 4205 quam
1299 4141 1486 4192 verbis
1529 4141 1721 4207 φυτεύω
1759 4154 1823 4191 ac
1862 4138 2046 4206 ποτίζω
2084 4138 2290 4191 Paulus
2329 4137 2422 4191 det
2456 4140 2516 4191 in
2545 4140 2738 4207 primis

603 4247 721 4296 cap.
755 4232 833 4283 111
867 4244 1011 4280 verS.
1046 4232 1107 4282 Si
1134 4233 1278 4282 forte
1306 4235 1498 4296 φυτεύω
1531 4235 1858 4294 baptismati
1895 4231 2231 4296 respondeat
2268 4230 2356 4295 (cf.
2384 4246 2580 4283 vocem
2608 4234 2738 4299 σύμ·

602 4341 748 4387 φυτος
776 4337 940 4387 quam
969 4321 1177 4374 Paulus
1204 4324 1272 4374 de
1306 4324 1633 4387 baptismate
1664 4324 1890 4374 adhibet
1919 4324 1978 4372 in
2009 4322 2188 4384 Rom„
2220 4320 2325 4386 VI,
2357 4323 2387 4373 5
2414 4336 2477 4374 ac
2508 4332 2650 4386 quae
2679 4324 2741 4373 in

605 4415 673 4465 N.
702 4415 763 4466 Τ.
794 4415 925 4472 ἅπαξ
953 4416 1056 4479 λεγ.
1088 4414 1209 4478 est),
1239 4416 1382 4465 forte
1412 4416 1576 4464 etiam
1607 4415 1676 4466 de
1706 4419 1891 4466 Coena
1915 4414 2101 4473 ποτίζω
2125 4414 2385 4479 usurpari
2414 4414 2613 4479 potuit.
