3559 5609
1427 823 1587 884 xm,
1627 822 1866 883 13-XIV,
1906 823 1948 874 l.
2665 823 2755 874 129

619 938 784 1000 κακόν
809 988 825 1015 ,
873 939 938 999 οὗ
967 939 1234 1022 συνχαίρει
1273 940 1361 1000 ἐπὶ
1389 943 1458 1022 τῇ
1502 936 1717 1024 ἀδικίᾳ,
1755 939 1931 1022 χαίρει
1963 937 2019 1000 δὲ
2060 944 2127 1020 τῇ
2168 938 2408 1023 ἀληθείᾳ.
2455 939 2753 1001 Primum

620 1049 796 1107 κῶλον
843 1062 976 1109 non
1024 1047 1409 1109 vertendum
1458 1072 1471 1107 ε
1527 1071 1555 1102 ι
1615 1064 1748 1109 non
1780 1046 2146 1126 suspicatur
2184 1045 2431 1108 malum
2475 1071 2532 1119 n,
2575 1052 2688 1109 aut
2736 1070 2749 1106 ι

628 1177 657 1208 ι
689 1169 819 1215 uon
840 1153 1119 1233 imputat
1146 1152 1392 1216 malum
1419 1178 1476 1228 ι,
1504 1153 1617 1216 sed
1645 1178 1659 1215 :
1692 1177 1721 1211 ι
1751 1171 1885 1217 non
1909 1153 2175 1216 molitur
2193 1153 2464 1218 malum.
2488 1178 2516 1210 ι
2543 1153 2756 1229 Quam

621 1258 1111 1323 translationem
1140 1259 1334 1340 plane
1353 1261 1670 1340 permittit
1698 1279 1854 1324 usus
1879 1261 2058 1324 verbi
2085 1260 2362 1342 λογίζομαι
2381 1261 2453 1322 in
2484 1259 2600 1324 illo
2624 1278 2757 1324 ser·

621 1384 813 1430 mone
857 1384 1120 1445 graeco,
1150 1368 1269 1448 qui
1314 1367 1762 1431 hellenistious
1804 1368 2043 1430 dicitur
2083 1366 2348 1449 (LXX).
2385 1368 2759 1431 Secundum

619 1484 833 1537 autem
861 1478 1034 1536 κῶλον
1062 1475 1391 1554 significat
1422 1494 1437 1537 :
1468 1499 1497 1533 ι
1533 1492 1665 1538 non
1696 1476 1937 1554 gaudet
1966 1474 2208 1555 (super)
2238 1474 2582 1554 iniquitate
2609 1491 2758 1536 cum

620 1581 755 1643 illis
801 1584 916 1663 qui
966 1583 1378 1663 iniquitatem
1435 1590 1824 1663 perpetrant.
1886 1606 1914 1638 ι
1965 1583 2043 1643 Et
2094 1581 2253 1644 haec
2295 1582 2423 1643 duo
2470 1581 2760 1643 membra

624 1688 946 1770 praeclare
993 1692 1211 1767 Rom.,
1245 1689 1308 1765 1,
1342 1689 1420 1753 32
1459 1709 1474 1751 ε
1516 1691 1576 1750 οὗ
1613 1689 1771 1771 μόνον
1798 1688 1935 1751 αὐτὰ
1967 1700 2206 1750 ποιοῦσιν
2233 1686 2371 1750 ἀλλὰ
2400 1689 2491 1750 καὶ
2524 1690 2759 1749 συνευδο-

617 1803 796 1858 κοῦσιν
847 1807 959 1866 τοῖς
1003 1798 1327 1881 πράσσουσιν
1373 1797 1787 1878 respondent.
1826 1832 1904 1843 —
1940 1798 2148 1876 Igitur
2201 1797 2413 1877 primo
2471 1797 2760 1859 membro

620 1905 967 1985 opponitur
995 1905 1378 1982 secundum,
1413 1906 1824 1986 secundoque
1846 1906 2130 1969 tertium.
2156 1938 2238 1951 —
2263 1905 2351 1966 Ex
2382 1903 2487 1966 his
2519 1902 2759 1966 intelli-

619 2011 795 2089 gitur
825 2019 1211 2091 quapropter
1241 2011 1330 2072 ἐπί
1357 2020 1508 2075 ante
1547 2010 1722 2098 ἀδικίᾳ
1752 2020 2047 2093 ponatur,
2080 2019 2146 2073 at
2175 2018 2486 2075 non-ante
2514 2009 2753 2096 ἀληθείᾳ.

620 2118 878 2182 Omisso
911 2118 1026 2182 illo
1055 2119 1143 2181 ἐπί
1166 2169 1180 2196 ,
1215 2121 1584 2183 membrum
1613 2120 2114 2199 significavisset
2145 2143 2161 2181 :
2196 2137 2325 2182 non
2357 2119 2591 2199 gaudet
2618 2136 2758 2182 cum

618 2226 987 2307 iniquitate,
1025 2262 1105 2273 —
1139 2227 1314 2308 quod
1345 2227 1550 2291 Paulo
1579 2229 1650 2290 in
1687 2228 1911 2290 animo
1935 2245 2067 2292 non
2098 2235 2255 2291 erat.

1356 2443 1528 2506 XIII
1546 2490 1560 2519 ‚
1603 2441 1910 2517 13-x1v‚
1954 2442 2008 2504 1.

700 2658 779 2719 In
817 2657 892 2719 T.
927 2657 1008 2719 R.
1046 2657 1163 2720 hos
1198 2676 1258 2720 v,
1303 2657 1412 2719 vix
1448 2657 1769 2738 expedias.
1811 2657 2267 2737 Repugnantia
2299 2657 2543 2720 Paulus
2575 2657 2750 2721 dicit.

618 2764 1210 2828 Contradictionem
1229 2768 1570 2845 consignat
1592 2763 1778 2828 Godet
1796 2766 2161 2845 frustraque
2173 2781 2505 2828 removere
2529 2772 2751 2828 tentat.

621 2873 882 2935 Fatetur
909 2890 984 2934 ex
1018 2874 1054 2933 2
1084 2872 1256 2940 Cor..
1292 2873 1368 2948 V,
1401 2874 1437 2932 7
1469 2881 1533 2934 et
1561 2873 1774 2947 Rom.,
1800 2872 1984 2947 VIII,
2016 2871 2090 2932 24
2123 2871 2191 2946 (l.
2225 2871 2431 2951 quiin
2463 2870 2756 2951 epistulis

621 2978 814 3058 paulo
840 2986 983 3060 post
1007 2979 1031 3039 1
1058 2979 1205 3041 Cor.
1230 2979 1483 3059 scriptis
1507 2976 1988 3057 continentur):
2015 3001 2044 3034 c
2071 2976 2134 3040 la
2161 2977 2247 3041 foi
2275 2986 2338 3040 et
2364 2976 2755 3058 l’esperance

619 3091 883 3166 passent
908 3087 1084 3149 aussi
1113 3086 1266 3149 bien
1299 3104 1424 3166 que
1453 3084 1548 3149 les
1575 3085 1760 3148 dous.
1788 3108 1819 3141 »
1839 3085 1917 3147 Et
1944 3084 2017 3145 in
2043 3083 2090 3146 l.
2114 3093 2352 3161 nostro,
2376 3084 2491 3147 illo
2513 3084 2751 3164 jndice,

625 3219 653 3250 ι
703 3193 765 3256 la
807 3194 1021 3274 palme
1052 3195 1412 3274 appartient
1444 3198 1481 3255 a
1515 3194 1576 3255 la
1610 3193 1858 3255 charite
1891 3210 2143 3256 comme
2175 3192 2302 3254 ala
2336 3192 2479 3273 plus
2513 3192 2758 3272 grande

621 3301 735 3364 des
786 3302 962 3366 trois,
1000 3299 1315 3381 L’Apotre
1358 3318 1441 3363 ne
1477 3301 1575 3363 dit
1609 3318 1722 3381 pas
1760 3299 1824 3362 la
1867 3299 2009 3380 plus
2053 3299 2355 3373 durahle‚
2390 3300 2662 3382 puisque
2694 3300 2757 3362 la

621 3408 821 3471 duree
871 3408 951 3470 de
1005 3415 1213 3472 toutes
1266 3409 1422 3471 trois
1472 3416 1568 3471 est
1617 3407 1903 3471 absolue.
1961 3433 1985 3462 u
2042 3444 2118 3455 —
2175 3407 2424 3470 Deinde
2473 3426 2755 3489 compar.

623 3514 815 3596 μείζων
858 3524 1009 3578 ante
1050 3513 1251 3577 τούτων
1293 3534 1423 3579 non
1472 3514 1863 3594 intelligitur
1902 3540 1914 3577 z
1954 3534 2115 3577 num
2160 3523 2364 3596 potest
2409 3516 2641 3578 caritas
2688 3534 2757 3579 se

622 3621 759 3701 ipsa
805 3624 1012 3703 major
1053 3623 1241 3684 esse?
1271 3640 1431 3685 num
1468 3620 1668 3683 τούτων
1703 3621 1881 3684 aliud
1925 3622 2266 3700 designare
2312 3631 2516 3702 potest
2559 3641 2757 3702 quam

623 3729 833 3789 ταῦτ-αἳ
864 3726 1142 3790 Difficile
1178 3728 1433 3790 videtur
1464 3727 1566 3790 illi
1601 3748 1662 3790 v.
1701 3727 1894 3807 μείζων
1926 3728 2057 3789 vim
2100 3727 2401 3808 superlat.
2441 3728 2718 3791 tribuere
2741 3776 2755 3804 ‚

627 3843 696 3896 ut
727 3834 869 3897 vult
903 3834 1093 3898 Godet
1125 3859 1144 3897 .·
1180 3835 1251 3896 in
1300 3836 1603 3914 ambiguo
1646 3843 1740 3896 est
1787 3835 2218 3914 comparativo
2270 3835 2447 3897 hune
2494 3853 2759 3897 sensum

625 3943 852 4021 affingi
900 3961 1081 4024 posse
1113 3942 1218 4024 (cf.
1258 3943 1550 4006 Gramm.
1590 3960 1714 4006 von
1765 3943 2025 4022 Winer).
2057 3978 2136 3989 —
2165 3943 2462 4024 Denique
2499 3943 2688 4021 XIV,
2728 3944 2753 4004 1

625 4050 907 4130 intelligi
948 4052 1193 4131 nequit.
1227 4051 1592 4115 Translatio
1623 4068 1820 4132 quam
1851 4048 2042 4113 Godet
2066 4051 2362 4131 proponit
2397 4051 2636 4131 optima
2667 4059 2762 4113 est

627 4176 822 4239 quam
850 4159 1005 4221 dare
1032 4158 1259 4239 poesie,
1286 4159 1398 4221 sed
1420 4168 1645 4221 eontra
1669 4156 2017 4222 consilium
2038 4157 2228 4221 Pauli
2253 4158 2537 4238 praecise
2567 4158 2754 4222 dicit:

630 4288 659 4321 ι
698 4264 1051 4328 Sectamini
1085 4265 1414 4328 caritatem
1436 4312 1450 4341 ‚
1484 4266 1595 4327 sed
1631 4266 2055 4328 aemulamini
2096 4265 2486 4345 spiritalia...
2526 4289 2559 4322 »
2593 4266 2761 4344 Ergo

635 4372 953 4454 spiritalia
982 4374 1310 4437 caritatem
1344 4381 1687 4453 praestant.
1724 4358 2071 4436 Gai-itatem
2102 4375 2453 4437 consectari
2485 4374 2762 4455 profecto

2391 4478 2426 4540 9
