3559 5609
1684 853 1733 908 Ι,
1769 853 1878 905 2-3.
2814 856 2846 907 7

717 965 937 1038 Godet,
976 974 1085 1029 aut
1117 967 1343 1030 saltem
1371 967 1492 1036 τοὺς
1520 969 1721 1037 πάντας
1765 967 1885 1037 τοὺς
1916 972 2128 1031 ἐπικαλ.
2180 970 2349 1033 inter
2385 989 2493 1034 eos
2523 989 2842 1034 annume-

714 1076 949 1138 randos
1000 1076 1237 1156 quibus
1285 1076 1562 1155 epistula
1608 1077 1967 1139 destinatur
2015 1077 2129 1160 (1).
2180 1113 2259 1125 —
2304 1081 2484 1155 Quae
2521 1099 2623 1143 res
2663 1081 2843 1145 nullo

715 1182 903 1246 modo
928 1192 1193 1263 possunt
1218 1184 1567 1261 enucleari,
1596 1185 1728 1248 nisi
1754 1194 2132 1267 transponas
2159 1205 2415 1250 mecum
2446 1210 2461 1250 :
2493 1193 2559 1271 τῇ
2589 1189 2842 1274 ἐκκλησίᾳ

710 1296 801 1350 τοῦ
834 1292 974 1352 Θεοῦ
1019 1297 1085 1374 τῇ
1121 1292 1251 1374 οὔσῃ
1297 1297 1350 1353 ἐν
1396 1294 1674 1377 Κορίνθῳ,
1727 1297 1941 1367 κλητοῖς
1986 1294 2153 1375 ἁγίοις
2183 1297 2414 1377 Χριστοῦ
2462 1294 2661 1371 Ἰησοῦ,
2692 1296 2844 1379 χάρις

710 1402 830 1477 ὑμῖν
858 1432 937 1448 --
975 1397 1153 1473 Ἰησοῦ
1194 1402 1451 1483 Χριστοῦ,
1489 1399 1579 1461 σὺν
1621 1412 1780 1462 πᾶσιν
1813 1413 1923 1470 τοῖς
1956 1402 2170 1464 ἐπικαλ.
2206 1437 2284 1450 --
2317 1405 2490 1464 αὐτῶν
2531 1403 2621 1464 καὶ
2663 1409 2835 1483 ἡμῶν.

710 1506 1274 1586 Interpretandum
1330 1505 1420 1568 σύν
1465 1508 1556 1569 ita
1605 1532 1616 1568 :
1669 1532 1695 1565 α
1752 1508 2027 1571 Ponitur
2061 1509 2172 1571 uhi
2223 1508 2349 1571 dici
2384 1515 2627 1589 poterat
2675 1510 2766 1571 καί
2812 1532 2838 1565 »ι

706 1610 1022 1694 (Grimm).

788 1719 1034 1782 Ultima
1064 1738 1228 1801 quae
1260 1722 1788 1803 transcripsimus
1829 1723 2023 1785 verba
2057 1722 2260 1804 (αὐτῶν
2289 1723 2380 1785 καὶ
2408 1724 2590 1806 ἡμῶν)
2616 1730 2837 1788 osten-

702 1827 796 1889 dit
826 1828 1100 1907 perfecte
1132 1828 1323 1891 Godet
1348 1830 1429 1891 ad
1461 1828 1609 1913 τόπῳ
1640 1847 1770 1892 non
1802 1847 1988 1909 posse
2018 1830 2286 1907 referri,
2328 1839 2397 1892 ut
2427 1832 2842 1895 crediderunt

702 1934 861 1997 falso
891 1938 964 1996 de
1001 1936 1210 2013 Wette,
1262 1935 1583 2013 Osiander,
1630 1935 1914 2013 Rite-hert,
1950 1936 2267 2013 Mos-heim,
2314 1935 2557 2015 Ewald,
2601 1940 2832 2018 Meyer,

699 2044 854 2119 Beet,
887 2042 1221 2107 Edwards.
1262 2043 1365 2106 llli
1399 2054 1617 2107 autem
1654 2062 1727 2107 ac
1763 2043 2077 2125 Chrysost.
2099 2093 2113 2122 ‚
2152 2043 2409 2120 Calvin,
2455 2043 2830 2122 Olshausen‚

695 2150 811 2230 qui
841 2150 998 2212 haec
1028 2151 1221 2213 verba
1251 2151 1331 2212 ad
1360 2151 1538 2234 κυρίου
1568 2152 1880 2228 referunt,
1910 2152 2210 2213 assentiri
2241 2169 2512 2231 nequeo.
2542 2153 2623 2214 V.
2656 2153 2835 2214 αὐτῶν

694 2257 784 2319 καὶ
826 2263 979 2338 ἡμῶν
1030 2257 1198 2319 mihi
1250 2282 1277 2315 α
1332 2277 1461 2320 une
1510 2258 1754 2339 reprise
1801 2257 1947 2338 plus
1992 2257 2288 2321 detaillee
2345 2283 2373 2315 ³>
2428 2259 2835 2339 pronominis

691 2371 845 2445 ἡμῶν
879 2365 1085 2428 videri
1118 2383 1251 2429 non
1280 2373 1571 2445 possunt.
1609 2366 1778 2428 Nam
1812 2368 1866 2427 si
1901 2350 1995 2426 ita'
2023 2384 2123 2427 res
2158 2384 2226 2427 se
2260 2365 2547 2441 haberet,
2587 2365 2831 2429 Paulus

693 2475 1049 2553 scripsisset
1077 2475 1355 2562 ἡμῶνκαὶ
1385 2475 1585 2539 αὐτῶν.
1622 2474 1805 2538 Godet
1836 2474 2310 2537 circumscribit
2343 2496 2358 2536 ε
2400 2498 2428 2533 «
2465 2476 2665 2538 Notre
2696 2474 2830 2538 Sei-

690 2600 900 2660 gneur
924 2583 1036 2661 qui
1057 2581 1200 2644 l'est
1228 2599 1354 2645 non
1391 2582 1753 2644 seulement
1774 2582 1854 2643 de
1880 2599 2058 2657 vous,
2087 2582 2252 2643 mais
2280 2583 2455 2644 aussi
2479 2582 2556 2644 de
2585 2600 2765 2647 nous,
2796 2607 2823 2639 »

690 2690 770 2750 In
799 2689 1015 2769 aprico
1042 2698 1257 2752 autem
1280 2695 1372 2750 est
1395 2690 1578 2752 nullo
1606 2698 1786 2769 pacto
1815 2706 2037 2750 veram
2068 2706 2206 2751 esse
2230 2689 2827 2769 interpretationem

689 2796 913 2872 illam,
959 2797 1086 2858 nisi
1130 2814 1314 2876 pron.
1360 2815 1468 2859 vos
1514 2796 1653 2878 (aut
1693 2797 1902 2877 potius
1950 2794 2070 2879 illi)
2110 2805 2246 2876 post
2293 2797 2468 2879 κυρίου
2513 2797 2768 2876 legatur
2806 2817 2819 2859 :

690 2903 861 2983 quod
888 2921 1022 2966 non
1053 2912 1167 2966 est.
1203 2903 1445 2965 Paulus
1477 2905 1738 2965 effatum
1770 2903 1940 2983 quod
1971 2920 2101 2966 non
2134 2905 2445 2983 expressit
2473 2921 2593 2967 nec
2622 2905 2825 2967 corri-

689 3028 837 3089 gere
868 3028 983 3073 neo
1016 3009 1412 3089 amplificare
1443 3020 1644 3090 potest
1673 3043 1749 3055 —
1781 3027 1856 3072 eo
1897 3010 2160 3071 demum
2196 3009 2463 3072 consilio
2501 3019 2571 3072 ut
2619 3011 2824 3091 subji-

688 3120 815 3180 ciat
850 3126 960 3181 aut
1011 3118 1202 3179 addat
1248 3118 1482 3198 quihus
1531 3118 1740 3196 reipsa
1792 3134 1920 3179 non
1971 3116 2160 3179 dictis
2213 3134 2378 3195 quae
2428 3126 2650 3180 contra
2685 3118 2822 3197 jam

689 3226 893 3288 dixit!
946 3261 1024 3270 —
1070 3225 1367 3304 Corrige,
1417 3226 1602 3288 sodes
1641 3246 1655 3286 ε
1690 3224 1874 3291 αὐτοῖς
1921 3224 2012 3284 καὶ
2060 3228 2204 3304 ὑμῖν.
2246 3247 2273 3279 α
2315 3224 2533 3287 Gratia
2564 3226 2818 3288 vobis...

684 3333 900 3413 inquit
934 3332 1195 3411 PauluS,
1225 3332 1461 3414 (vobis)
1487 3342 1548 3394 et
1571 3333 1875 3395 omnibus
1908 3333 2019 3410 qui
2042 3334 2423 3394 invocant...
2445 3332 2676 3414 (gratia
2703 3333 2822 3411 igi-

690 3441 815 3520 tur)
851 3448 912 3502 et
945 3440 1027 3501 iis
1072 3448 1134 3500 et
1163 3440 1366 3501 vobis,
1404 3464 1432 3495 υ
1473 3440 1670 3514 Quasi
1719 3438 2148 3500 summarium
2181 3447 2273 3500 est
2319 3455 2447 3517 quo
2490 3439 2822 3501 claudatur

688 3526 1055 3627 propositio.
1104 3546 1289 3607 Nihil
1337 3546 1578 3608 mirum
1629 3554 1726 3607 est
1767 3546 1838 3605 in
1879 3545 2108 3608 ordine
2144 3547 2634 3608 sententiarum.
2683 3547 2823 3609 Imo

690 3653 1089 3716 necessarius
1115 3653 1226 3726 fit,
1265 3670 1449 3729 nam,
1484 3671 1631 3714 cum
1664 3654 1866 3714 finem
1899 3652 2159 3714 dicendi
2191 3653 2422 3713 faceret
2454 3651 2776 3732 apostolus
2799 3699 2816 3729 ,

687 3761 807 3825 hoc
842 3761 1215 3841 praesertim
1248 3761 1584 3823 ostendere
1622 3761 2081 3834 contendebat,
2116 3759 2288 3839 quod
2318 3758 2432 3820 illa
2467 3760 2823 3823 christiana

686 3876 835 3931 vota
860 3868 1198 3949 praecipue
1228 3869 1308 3929 ad
1337 3868 1703 3931 Corinthios
1730 3877 2112 3947 spectarent.
2138 3866 2513 3945 Corruptela
2545 3865 2597 3947 (0
2626 3894 2704 3919 =
2727 3893 2771 3928 ω
2803 3889 2818 3931 t

686 3978 875 4049 Bast5
915 4002 957 4044 ις
985 4003 1065 4027 ---
1095 4001 1123 4034 ν
1158 3997 1171 4036 :
1205 3978 1374 4052 Bast,
1419 3977 1755 4049 Tournier5
1791 4001 1805 4034 ι
1837 4002 1916 4027 =
1945 4001 1979 4035 α
2014 3999 2096 4029 =
2122 4000 2166 4033 ω
2201 3993 2213 4036 :
2252 3972 2426 4055 Bast)
2462 3991 2495 4035 e
2534 3981 2821 4054 transpo-

690 4085 924 4146 sitione
954 4091 1089 4147 orta
1122 4090 1238 4144 est.

749 4246 813 4309 (1)
847 4209 1009 4305 Quod
1042 4244 1180 4293 adeo
1210 4257 1403 4293 verum
1430 4251 1514 4293 est
1539 4250 1600 4293 ut
1632 4246 1677 4294 si
1710 4246 1834 4308 quis
1866 4245 2130 4307 exegesin
2160 4246 2604 4308 praetermittens
2634 4250 2819 4296 trans-

684 4337 948 4386 lationem
984 4338 1152 4384 Godet
1181 4336 1344 4397 legat,
1378 4348 1706 4397 persuasum
1737 4335 1962 4384 habebit
1993 4337 2163 4383 Godet
2185 4336 2273 4384 σὺν
2309 4340 2458 4384 πᾶσιν
2489 4340 2594 4392 τοῖς
2628 4337 2823 4387 ἐπικαλ.

688 4426 756 4475 ad
784 4431 845 4491 τῇ
872 4425 1112 4491 ἐκκλησίᾳ
1136 4425 1362 4474 referre.
