3559 5609
793 804 883 859 ιιι
1702 804 1809 871 x1‚
1849 806 2017 858 15-34.

792 932 945 988 sunt
972 941 1200 1005 corpus
1232 942 1249 986 ε
1281 925 1336 985 ἓν
1360 935 1542 1005 σῶμα.
1571 926 1800 1005 Itaque
1828 924 2002 986 nihil
2031 932 2261 988 estcur
2286 925 2572 1004 mireris,
2601 926 2658 989 si
2677 925 2921 990 Paulus

790 1032 858 1093 τὰ
887 1033 1194 1115 σχίσματα,
1232 1050 1381 1094 cum
1410 1031 1695 1113 loquitur
1727 1032 1806 1094 de
1835 1031 2073 1109 Coena,
2110 1041 2601 1109 commemoret,
2643 1051 2921 1114 praeser-

791 1141 908 1202 tim
948 1156 1097 1201 oum
1137 1139 1204 1200 in
1246 1138 1414 1215 ΧΠ,
1458 1139 1532 1200 25
1575 1139 1654 1200 de
1705 1137 1820 1202 1110
1867 1137 2140 1219 loquens
2188 1140 2243 1200 ιν
2285 1147 2477 1220 σῶμα,
2525 1122 2810 1221 praecise
2850 1140 2920 1201 τὰ

786 1247 1063 1330 σχίσματα
1089 1247 1239 1309 citet
1266 1245 1379 1328 (1).

868 1355 948 1418 V.
985 1354 1055 1416 19
1093 1353 1285 1417 Godet
1304 1354 1745 1434 interpretatio
1778 1355 2011 1417 infelix
2043 1354 2318 1418 videtur.
2362 1357 2466 1418 Me
2489 1357 2731 1437 judice,
2767 1356 2920 1419 scri·

787 1461 1073 1524 bendum
1101 1463 1183 1522 διιῖ
1205 1460 1306 1544 γὰρ
1334 1460 1425 1522 καὶ
1453 1461 1831 1544 διαιρέσεις...
1884 1458 2122 1524 Menda
2166 1480 2240 1524 ex
2284 1478 2358 1526 eo
2397 1470 2549 1526 nata
2578 1472 2706 1540 est,
2749 1464 2920 1544 quod

785 1569 944 1630 false
972 1567 1217 1631 scribae
1251 1578 1638 1649 putaverunt
1671 1568 1876 1632 Paulo
1914 1569 2262 1631 consilium
2301 1587 2439 1633 esse
2479 1571 2560 1633 de
2603 1572 2792 1634 sectis
2821 1571 2916 1634 lo-

784 1675 1048 1757 quendi.
1083 1674 1276 1737 Illam
1304 1683 1522 1738 autem
1553 1693 1747 1757 prava
1779 1676 2026 1756 peperit
2052 1674 2418 1739 litterarum
2449 1677 2724 1753 divisio,
2759 1696 2919 1759 quas

783 1782 941 1847 olim
971 1790 1273 1864 perpetua
1302 1782 1467 1846 serie
1498 1782 1749 1846 librarii
1780 1784 2167 1847 scribebant.
2206 1785 2283 1846 In
2327 1784 2571 1848 unciali
2605 1786 2918 1866 scriptura

783 1908 972 1971 saepe
1013 1890 1106 1952 καί
1147 1889 1360 1972 prima
1409 1886 1662 1954 tantum
1704 1891 1917 1955 littera
1960 1916 1994 1952 κ
2039 1891 2411 1970 effingitur,
2467 1899 2531 1955 et
2569 1892 2641 1955 in
2692 1893 2915 1956 eadem

785 1999 1098 2079 scriptura
1148 1998 1360 2061 littera
1405 2000 1436 2058 δ
1486 1997 1865 2077 saepissime
1916 2015 2064 2060 cum
2107 2023 2143 2060 α
2185 1996 2307 2080 (Α,
2351 1997 2426 2080 Δ)
2472 1999 2915 2063 confunditur.

785 2105 1012 2168 Scriba
1055 2105 1203 2186 quis
1248 2104 1447 2183 igitur
1504 2104 1663 2184 legit
1712 2098 2032 2188 οιαιαιρισεις
2088 2123 2202 2186 pro
2248 2108 2557 2190 κδιοιιρισιις
2610 2125 2627 2169 t
2682 2107 2920 2171 deinde

786 2214 981 2276 verba
1008 2212 1097 2274 ita
1140 2218 1430 2293 separata
1462 2213 1729 2274 fuerunt
1772 2211 1865 2273 καὶ
1910 2211 2136 2295 αἱρέσεις
2174 2229 2289 2293 pro
2317 2212 2410 2274 καὶ
2446 2213 2742 2297 διαιρέσεις.
2778 2215 2918 2290 Qua

785 2321 1240 2383 emendatione
1282 2336 1483 2383 novae
1514 2317 1985 2382 similitudines
2024 2318 2149 2382 loci
2187 2321 2392 2383 nostri
2425 2330 2732 2402 apparent
2769 2339 2915 2385 cum

784 2445 920 2507 cap.
982 2426 1118 2489 XII
1171 2451 1184 2488 :
1238 2425 1318 2487 de
1366 2442 1517 2488 voce
1567 2423 1867 2507 διαιρέσεις,
1896 2424 1976 2486 cf.
2032 2424 2207 2502 XII,
2242 2425 2319 2501 4,
2355 2428 2426 2501 5,
2474 2428 2546 2500 6,
2600 2427 2696 2505 11,
2727 2435 2790 2490 et
2831 2428 2907 2490 cf.

782 2534 976 2596 etiam
1011 2532 1135 2609 XI,
1176 2532 1247 2593 19
1266 2530 1503 2614 (φανεροὶ
1532 2530 1814 2613 γένωνται)
1841 2549 1990 2593 cum
2023 2532 2179 2608 XII,
2217 2532 2250 2592 7
2290 2535 2344 2611 (ἡ
2373 2532 2710 2618 φανέρωσις).

866 2637 1266 2702 Vocabulum
1298 2635 1505 2718 δόκιμοι
1538 2654 1667 2700 non
1712 2637 2010 2716 designat
2046 2662 2077 2695 «
2118 2638 2213 2701 les
2247 2640 2571 2703 membres
2623 2642 2790 2704 vrais
2837 2643 2917 2705 de

780 2745 1041 2824 l'Eglise
1072 2760 1153 2807 en
1182 2745 1540 2825 opposition
1580 2750 1618 2808 a
1650 2763 1809 2808 ceux
1840 2746 1954 2825 qui
1982 2744 2167 2809 n’ont
2212 2762 2324 2809 cru
2360 2766 2485 2827 que
2514 2748 2917 2827 superficial-

781 2854 1027 2917 lement
1070 2861 1133 2916 et
1185 2853 1752 2932 temporairement
1800 2877 1856 2927 ι),
1903 2862 1975 2915 ut
2010 2838 2342 2916 'asseverat
2387 2853 2579 2917 Godet
2615 2855 2706 2936 (p.
2752 2855 2911 2938 153).

781 2962 1020 3024 Melius
1048 2963 1185 3040 ipse
1223 2959 1414 3022 Godct
1442 2960 1715 3040 explicat
1748 2979 1762 3023 ε
1819 2984 1848 3017 α
1894 2961 2015 3023 Les
2042 2959 2249 3041 δόκιμοι
2278 2970 2427 3025 sont
2454 2979 2612 3025 ceux
2643 2963 2789 3043 qui,
2833 2981 2915 3025 au

779 3067 1006 3130 milieu
1037 3068 1118 3130 de
1157 3066 1456 3147 pareilles
1491 3066 1687 3131 crises
1711 3114 1729 3144 ,
1764 3068 2178 3130 demontrent
2206 3067 2349 3129 leur
2376 3069 2695 3132 caractere
2724 3071 2912 3133 chre-

778 3177 914 3238 tien
943 3192 1058 3254 par
1090 3191 1219 3235 une
1252 3190 1508 3252 sagesse
1549 3179 1611 3235 et
1659 3190 1789 3235 une
1819 3175 2125 3236 maturite
2171 3174 2250 3236 de
2279 3175 2618 3256 jugement
2665 3177 2779 3256 qui
2821 3177 2916 3240 les

781 3289 1124 3362 marquent
1160 3298 1283 3341 aux
1319 3298 1485 3359 yeux
1528 3280 1606 3342 de
1654 3289 1795 3343 tous
1824 3281 1911 3342 du
1954 3298 2141 3343 sceau
2181 3282 2262 3343 de
2309 3280 2769 3362 l'approbation
2814 3284 2913 3345 di-

779 3390 929 3451 vine
965 3411 991 3443 »
1025 3386 1111 3467 (p.
1154 3385 1312 3468 155).
1348 3387 1517 3465 Ergo
1564 3389 1614 3446 ot
1641 3384 1850 3466 δόκιμοι
1881 3386 1984 3449 illi
2015 3395 2167 3449 sunt
2195 3387 2313 3467 qui
2342 3388 2531 3451 Pauli
2563 3389 2914 3452 consilium

777 3495 889 3578 (X,
910 3492 1018 3576 32)
1044 3502 1406 3574 sequuntur
1430 3510 1504 3556 ac
1528 3511 1596 3556 se
1625 3495 1976 3557 ostendunt
1997 3492 2363 3578 ἀπροσκόπους
2392 3496 2482 3557 καὶ
2521 3494 2795 3565 Ἰουδαίοις
2824 3496 2915 3558 καὶ

778 3600 1040 3677 Ἕλλησιν
1065 3601 1156 3663 καὶ
1188 3607 1265 3684 τῇ
1294 3600 1620 3686 ἐκκλησίᾳ
1666 3607 1759 3662 τοῦ
1793 3604 1935 3665 Θεοῦ
1968 3601 2081 3682 (2).
2115 3603 2197 3665 ΙΙΙ
2227 3603 2347 3681 XI,
2383 3594 2457 3666 19
2485 3603 2683 3684 igitur
2711 3605 2913 3668 chris·

840 3841 908 3906 (1)
937 3841 1352 3902 Animadverte,
1380 3854 1611 3906 quaeso,
1635 3843 1693 3892 τὸ
1724 3842 1848 3893 αὐτό
1880 3842 1940 3891 in
1965 3841 2062 3906 XI,
2094 3841 2158 3892 20
2188 3847 2243 3892 et
2267 3841 2392 3907 ΧῙῙ,
2419 3842 2482 3895 25
2503 3843 2593 3908 (cf.
2630 3844 2674 3905 1,
2707 3844 2801 3909 10).

835 3932 906 3998 (2)
934 3932 1126 3983 Liceat
1160 3933 1354 3980 miram
1394 3931 1619 3994 quidem
1665 3935 1838 3980 Godet
1876 3931 2282 3995 indiligentiam
2325 3932 2394 3981 de
2429 3933 2483 3982 h.
2513 3948 2568 3984 v.
2600 3933 2677 3995 X,
2720 3934 2781 3985 32
2807 3948 2912 3985 no-

776 4028 924 4073 tare:
951 4038 975 4068 «
998 4020 1293 4084 L‘Apbtre,
1316 4037 1341 4067 ι)
1364 4019 1547 4082 inquit
1563 4020 1635 4084 (p.
1663 4019 1788 4084 117),
1811 4036 1836 4067 α
1859 4019 2089 4084 indique
2108 4020 2189 4071 les
2211 4022 2349 4081 trois
2371 4023 2576 4073 cercles
2599 4023 2668 4073 de
2689 4038 2911 4088 person·

776 4125 877 4163 nes
907 4110 1230 4174 auxquelles
1258 4110 1339 4160 les
1370 4109 1646 4159 chretiens
1677 4108 1747 4158 de
1777 4108 2044 4160 Corinthe
2072 4109 2330 4161 devaient
2355 4124 2614 4175 penset...
2643 4126 2655 4162 ε
2686 4112 2910 4164 d’abord

776 4203 857 4252 les
878 4206 1064 4261 Graes,
1088 4200 1185 4264 qui
1213 4203 1343 4250 sont
1366 4200 1469 4248 mis
1492 4199 1566 4249 ici
1586 4212 1729 4263 pour
1753 4198 1835 4249 les
1859 4203 2052 4263 paiens
2081 4212 2151 4250 en
2175 4198 2396 4264 general
2416 4213 2430 4262 ;
2463 4202 2609 4265 puis,
2637 4204 2718 4252 les
2742 4207 2909 4267 June,
2955 4198 2960 4203 ’

777 4292 874 4354 qui
909 4294 1037 4341 sont
1078 4289 1262 4354 places
1303 4289 1335 4339 a
1377 4289 1601 4340 dessein
1630 4292 1787 4338 entre
1817 4289 1897 4338 les
1928 4291 2120 4352 paiens
2162 4292 2219 4339 et
2255 4290 2476 4353 l’Eglise
2495 4303 2509 4352 ;
2554 4296 2609 4341 et
2647 4292 2794 4342 enfin
2829 4293 2911 4342 les

776 4378 1080 4440 chretiens,
1112 4379 1243 4443 qu'il
1269 4379 1483 4442 appelle
1510 4377 1733 4441 l’Eglise
1764 4377 1834 4427 de
1863 4378 2025 4430 Dieu.
2058 4395 2083 4426 ι)
2115 4379 2333 4430 Revera
2373 4383 2559 4430 autem
2587 4381 2786 4433 Judaei
2817 4383 2910 4433 isti
