3559 5609
21 384 50 547 “·ι““·-·
25 196 42 323 1·³-w*
27 28 44 157 ιιι-ι-

1616 845 1721 903 xli
1735 883 1749 908 ‚
1778 845 1827 895 2.
2353 855 2356 857 ’
2700 845 2787 899 121

659 964 853 1027 modo
874 970 1097 1027 natum
1118 962 1316 1029 fuerit
1333 963 1505 1027 inter
1526 962 1700 1023 οἴδατε
1723 969 1788 1025 et
1809 961 1897 1023 ὅτι
1923 962 2329 1042 perspicuum
2354 960 2497 1042 est),
2518 961 2792 1041 legeque

656 1068 756 1130 ὅσα
791 1068 1061 1151 ἀνηγεῖσθε
1084 1062 1108 1131 'z
1145 1093 1175 1126 «
1209 1069 1420 1146 Scitis,
1454 1087 1603 1131 cum
1636 1078 1860 1146 gentes
1892 1070 2113 1131 essetis
2135 1117 2149 1143 ,
2184 1070 2404 1131 omnia
2434 1087 2599 1148 quae
2639 1086 2788 1131 nar-

661 1178 897 1240 rabatis
927 1196 1001 1240 ac
1030 1176 1411 1254 laudabatiS,
1447 1177 1528 1238 ad
1557 1185 1737 1240 muta
1761 1162 2110 1240 simulacra
2139 1175 2405 1258 prolatil
2447 1199 2478 1232 »
2510 1175 2642 1239 Cur
2669 1174 2790 1250 ὄινη-

656 1290 831 1366 γεῖσθε
865 1293 1233 1364 corruptum
1264 1285 1481 1359 fuerit,
1515 1294 1650 1346 tum
1687 1284 2122 1365 infrequentia
2150 1285 2328 1347 verbi
2355 1283 2648 1365 ἀνηγέομαι
2676 1283 2789 1365 (1),

659 1401 796 1454 tum
820 1392 1134 1459 vicinitas
1151 1411 1210 1453 v,
1248 1389 1573 1472 ἀπαγόμενοι
1594 1410 1785 1454 causa
1810 1393 2010 1456 fuere.
2047 1428 2124 1439 --
2155 1392 2391 1454 Melius
2419 1393 2611 1455 etiam
2643 1391 2787 1467 erit,

664 1504 734 1559 ut
765 1497 1015 1561 litterae
1044 1498 1508 1561 «iterationem
1541 1500 1854 1576 vitemuS,
1890 1500 2102 1579 legere
2137 1519 2150 1562 z
2197 1499 2299 1561 ὅσοι
2337 1503 2617 1581 διηγεῖσθε.
2659 1499 2684 1559 Ι
2692 1500 2792 1560 ,ἰε-

665 1613 795 1666 tera
818 1629 866 1678 ν,
902 1606 969 1666 in
1006 1605 1249 1668 unciali
1278 1607 1617 1687 scriptura,
1652 1624 1839 1687 saepe
1868 1607 2286 1670 confunditur
2314 1624 2463 1669 cum
2493 1609 2542 1666 δι
2569 1604 2787 1687 (Base).

660 1748 739 1759 —
763 1713 1054 1777 Fortasse
1080 1731 1191 1794 pro
1224 1715 1409 1798 ἄφωνοι
1442 1715 1513 1776 in
1541 1733 1669 1796 quo
1703 1715 1925 1778 nullus
1962 1716 2309 1795 probabilis
2341 1733 2571 1793 sensus
2598 1715 2787 1786 inest,

663 1821 1013 1898 legendum
1048 1822 1270 1905 ἄφρονα.
1316 1821 1625 1884 Confusio
1668 1847 1703 1907 ιρ
1744 1830 1806 1883 et
1844 1846 1950 1907 φρ,
1999 1838 2028 1882 ο
2067 1829 2128 1884 et
2174 1848 2218 1882 ω
2270 1820 2795 1903 frequentissima
2901 1858 2912 1867 ·

662 1935 757 1990 est
809 1930 962 1990 Bast
992 1974 1006 1990 .

742 1927 1124 2116 anjegtura
1165 2037 1266 2097 ὅσοι
1306 2035 1579 2118 ἁνηγεῖσθε
1623 2037 1721 2101 vel
1762 2037 1863 2099 ὅσα
1902 2041 2162 2119 διηγεῖσθε
2198 2037 2794 2117 interpretationem

661 2143 968 2223 optimam
1022 2146 1277 2225 praebet
1319 2145 1499 2207 illius
1549 2147 1697 2207 miri
1745 2147 2045 2209 clamoris
2099 2148 2169 2208 in
2236 2162 2363 2226 quo
2415 2142 2794 2225 explicando

609 2304 626 2323 ,
666 2259 794 2313 tam
837 2251 1028 2313 multi
1076 2250 1365 2331 clarique
1410 2252 1725 2314 sudarunt
1776 2252 2160 2332 interpretes
2210 2256 2235 2314 ι’
2265 2252 2501 2332 ἀνάθεμα
2551 2249 2788 2324 Ἰησοῦςέ

666 2358 856 2421 Godet
879 2359 1180 2421 assentiri
1214 2376 1464 2438 nequeo
1494 2360 1609 2439 qui
1638 2359 1830 2437 fingit
1857 2359 1927 2420 in
1965 2379 2024 2420 v.
2061 2359 2095 2420 3
2125 2359 2510 2439 reprehendi
2538 2376 2612 2419 ac
2641 2374 2787 2420 con-

665 2465 960 2527 demnari
996 2466 1320 2528 doctrinas
1352 2465 1614 2528 illorum
1651 2466 1938 2547 proprias
1974 2466 2088 2547 qui
2118 2469 2167 2526 ot
2193 2473 2284 2527 τοῦ
2313 2469 2543 2549 Χριστοῦ
2573 2466 2794 2527 dicun-

668 2581 791 2634 tur.
821 2573 1025 2634 Multa
1045 2581 1427 2651 argumenta
1446 2573 1754 2636 adversus
1775 2573 1958 2636 illam
1985 2576 2372 2636 sententiam
2394 2573 2793 2654 depugnant,

667 2679 777 2742 sed
810 2679 976 2741 illud
1010 2680 1335 2760 imprimis
1383 2699 1398 2741 ε
1444 2681 1495 2742 si
1531 2680 1772 2742 Paulus
1811 2679 2116 2749 ideovobq
2157 2685 2249 2741 τοῦ
2290 2683 2520 2764 Χριστοῦ
2553 2681 2793 2760 impro-

663 2787 815 2849 bare
863 2787 1213 2863 voluisset,
1257 2789 1746 2867 improbavisset
1796 2790 1937 2851 sine
1980 2789 2178 2851 dubio
2216 2790 2289 2849 in
2333 2788 2443 2850 illa
2481 2787 2797 2868 epistulae

662 2902 841 2974 parte
871 2894 937 2955 in
975 2913 1103 2973 qua
1139 2895 1217 2956 de
1249 2892 1436 2955 sectis
1465 2893 1765 2973 disputat.
1807 2895 2072 2956 Fatetur
2106 2895 2295 2958 Godet
2323 2895 2459 2977 ipse
2490 2913 2628 2974 cap.
2660 2895 2793 2956 XII

666 3018 796 3063 non
829 3000 910 3062 ad
936 3008 1137 3063 sectas
1167 2999 1276 3081 (2),
1301 3000 1411 3063 sed
1431 3001 1509 3061 ad
1541 2981 1934 3063 charismata
1968 3002 2326 3082 spiritualia
2350 3020 2486 3065 esse
2521 3002 2799 3063 referen-
2897 3016 2902 3020 ·

663 3107 820 3169 dum
858 3127 869 3168 :
905 3108 1076 3186 quod
1107 3109 1298 3168 etiam
1330 3107 1572 3169 indicat
1607 3107 1832 3170 titulus
1862 3108 2045 3190 (XII,
2087 3105 2145 3187 1)
2179 3132 2191 3167 ε
2225 3108 2342 3191 περὶ
2369 3118 2476 3170 τῶν
2504 3132 2796 3190 πνευματι-

663 3222 794 3274 κῶν.
834 3215 928 3275 De
959 3212 1460 3275 charismatibus
1491 3215 1707 3292 agitur
1728 3259 1746 3289 ‚
1782 3232 1856 3275 ac
1893 3213 2073 3276 nullo
2105 3223 2283 3293 pacto
2313 3213 2589 3277 licentia·
2613 3214 2796 3277 nobis

665 3323 1038 3384 conceditur
1089 3322 1523 3383 contendendi
1567 3321 1926 3402 spiritualia
1968 3321 2083 3384 illa
2139 3324 2331 3386 verba
2377 3324 2668 3403 factaque
2726 3324 2793 3385 in

667 3436 833 3491 secta
864 3428 1141 3508 quadam
1178 3430 1382 3508 potius
1412 3447 1607 3509 quam
1639 3430 1712 3490 in
1746 3428 1876 3491 alia
1903 3429 2233 3502 accidisse.
2267 3430 2674 3492 Probabilius
2704 3439 2801 3493 est

621 3576 630 3579 -
667 3544 887 3598 contra
917 3535 1059 3596 sine
1086 3535 1219 3597 ullo
1249 3536 1630 3599 discrimine
1660 3537 1727 3597 in
1762 3537 2064 3599 omnibus
2097 3537 2284 3598 sectis
2319 3555 2392 3599 ea
2421 3536 2752 3600 accidisse.

750 3642 907 3705 Ecce
933 3649 1151 3704 autem
1185 3638 1623 3723 interpretatio
1651 3661 1816 3723 quae
1846 3643 2010 3704 mihi
2040 3642 2264 3722 placet.
2304 3643 2474 3717 Qui-d
2503 3644 2574 3719 in
2608 3661 2795 3722 paga-

728 3883 798 3946 (1)
826 3901 888 3925 =
917 3900 941 3928 ιι
974 3882 1469 3950 erzahlungsweise
1501 3882 2184 3941 anfiihren,.hererzahlen
2209 3895 2235 3928 »
2267 3881 2547 3945 (Passow).

729 3972 795 4035 (2)
827 3971 1214 4034 Repugnantia
1243 3972 1414 4033 igitur
1444 3975 1613 4021 Godet
1653 3971 1814 4036 dicit,
1848 3971 2052 4034 quippe
2084 3971 2179 4033 qui
2209 3971 2340 4030 XII,
2377 3971 2453 4020 1·3
2496 3971 2563 4020 ad
2593 3976 2799 4021 sectam

667 4067 766 4111 τῶν
796 4066 882 4110 τοῦ
911 4063 1124 4126 Χριστοῦ
1164 4060 1393 4120 referat,
1437 4075 1499 4109 ac
1545 4060 1907 4110 nihilominus
1951 4060 2156 4108 scribat
2192 4075 2203 4109 ε
2242 4079 2267 4105 ιι
2302 4061 2383 4109 les
2432 4061 2622 4110 efforts
2669 4060 2800 4108 d'un

667 4150 877 4198 certain
907 4151 1135 4197 nombre
1171 4148 1555 4211 d’interpretes
1585 4163 1728 4212 pour
1753 4150 2046 4208 rattacher‚
2075 4149 2184 4198 soit
2214 4149 2377 4198 d’une
2403 4149 2663 4210 mamere,
2691 4150 2801 4199 soit

669 4239 833 4288 d’une
863 4243 1045 4299 autre,
1090 4239 1142 4286 la
1182 4238 1498 4288 discussion
1529 4240 1784 4289 suivante
1815 4239 1969 4303 (XII,
2007 4240 2026 4288 1
2070 4244 2124 4288 et
2169 4239 2333 4303 suiv.)
2359 4229 2403 4288 ’ὰ
2443 4240 2799 4303 l‘opposition

669 4334 823 4378 entre
853 4330 933 4376 les
978 4328 1262 4377 differents
1293 4330 1466 4392 partis
1502 4329 1596 4392 qui
1632 4343 1691 4379 se
1731 4331 2111 4393 partageaient
2149 4330 2356 4393 l'eglise
2398 4330 2465 4378 dc
2505 4328 2798 4389 Corinthe‚

667 4418 821 4469 n'ont
851 4417 1040 4466 abouti
1072 4417 1103 4465 ὰ
1133 4432 1316 4470 aucun
1343 4418 1574 4469 resultat
1603 4419 2024 4473 vraisemblable
2049 4437 2073 4468 »
2102 4422 2174 4489 (p.
2212 4419 2335 4482 188).
