3559 5609
1481 893 1530 953 1,
1572 892 1769 953 17-111,
1807 893 1852 941 9.
2672 894 2729 942 19

600 1009 789 1072 Godet
819 1008 1170 1072 emendare
1222 1009 1652 1089 nequicquam
1689 1007 1982 1070 tentavit.
2026 1008 2189 1069 Cum
2223 1016 2348 1070 tota
2380 1026 2596 1071 rerum
2629 1027 2729 1071 se-

596 1118 692 1179 rie
718 1165 731 1190 ,
760 1115 1024 1195 illisque
1049 1134 1214 1196 quae
1243 1133 1435 1195 supra
1460 1125 1613 1178 sunt
1643 1117 1774 1198 (ΙΙ,
1807 1116 1902 1192 16)
1929 1162 1942 1188 ,
1971 1115 2328 1176 arctissime
2353 1119 2732 1197 conjunctus

598 1225 721 1286 erit
748 1225 858 1287 hic
886 1242 1110 1285 versus
1131 1270 1149 1302 ,
1184 1224 1293 1285 sed
1327 1225 1418 1285 sic
1452 1223 1808 1303 explicetur
1842 1243 1855 1285 :
1907 1246 1933 1278 ι
1967 1223 2044 1284 Et
2073 1240 2189 1301 ego
2226 1226 2365 1301 (ego
2395 1225 2508 1303 qui
2540 1225 2731 1303 spiri-

599 1331 789 1394 tualis
820 1349 964 1394 sum
987 1379 1002 1407 ,
1038 1331 1152 1411 qui
1186 1349 1450 1393 sensum
1487 1331 1725 1393 Christi
1758 1329 1993 1412 habeo)
2029 1331 2135 1411 (1),
2173 1350 2290 1410 ego
2321 1349 2450 1394 non
2487 1333 2733 1412 potuis-

598 1457 732 1501 sem
764 1437 854 1519 (2)
874 1437 1084 1519 (vobis
1111 1438 1470 1517 judicibus,
1503 1447 1572 1502 ut
1595 1430 1767 1501 inter
1789 1456 1901 1501 vos
1925 1438 2191 1519 dicitur)
2216 1440 2398 1501 vobis
2431 1449 2735 1520 tanquam

599 1545 1040 1626 spiritualibus
1066 1545 1280 1626 loqui,
1311 1545 1421 1607 sed
1447 1547 1798 1626 potuissem
1830 1547 2005 1609 vobis
2033 1547 2222 1608 modo
2245 1557 2315 1608 ut
2340 1547 2734 1622 carnalibus,

601 1658 673 1713 ut
700 1652 919 1730 pueris
946 1652 1014 1712 in
1049 1651 1306 1714 Christo
1337 1650 1554 1732 loqui?
1608 1654 1741 1731 Ego
1773 1653 1954 1714 vobis
2003 1652 2101 1715 lac
2142 1654 2365 1716 bibere
2402 1655 2731 1732 dederim,

602 1773 733 1818 non
764 1757 979 1819 cibum
1013 1793 1091 1803 —
1123 1759 1291 1820 hanc
1324 1759 1746 1839 interponens
1775 1777 2032 1822 causam
2070 1777 2181 1822 vos
2217 1761 2505 1822 nondum
2548 1760 2737 1823 aliter

604 1864 834 1926 nutriri
868 1856 1051 1944 posse
1090 1864 1214 1947 (3),
1257 1889 1285 1922 1>
1329 1884 1457 1946 quo
1496 1877 1671 1946 pacto
1712 1885 1854 1942 me,
1892 1883 2002 1928 vos
2036 1868 2427 1945 accusandO,
2467 1885 2736 1930 excusa-

599 1971 802 2034 verim
832 1971 941 2053 (cf.
991 1973 1460 2062 oppositionem
1499 1976 1671 2034 inter
1713 1974 1810 2034 οὐκ
1841 1974 2094 2047 ἠδυνήθην
2126 2008 2202 2021 -
2246 1974 2392 2035 οὔπω
2423 1972 2733 2056 ἐδύνασθε),

596 2086 662 2142 at
690 2097 899 2156 nunc,
939 2097 1088 2143 cum
1124 2080 1238 2143 illa
1280 2097 1472 2143 causa
1504 2081 1728 2143 decere
1763 2081 2063 2157 desierit,
2100 2083 2317 2145 venire
2367 2099 2734 2144 recusarem

594 2185 740 2267 (IV,
784 2185 883 2268 18)
905 2185 1017 2274 (4).
1057 2186 1382 2267 Illiquam
1414 2187 1657 2250 Paulus
1690 2187 1885 2269 (sicut
1913 2188 2128 2265 aliam,
2166 2191 2200 2250 2
2233 2189 2404 2265 Cor.‚
2440 2189 2599 2267 XII,
2638 2189 2729 2262 16)

597 2294 851 2371 effingit
884 2294 1315 2370 accusationi,
1353 2294 1481 2357 duo
1515 2311 1825 2374 responsa
1854 2294 2120 2356 reddere
2152 2303 2390 2374 poterat
2425 2316 2438 2356 :

683 2403 736 2466 1.
770 2401 955 2476 Quod
980 2402 1160 2465 vobis
1185 2402 1481 2482 praedico
1508 2418 1636 2463 non
1662 2411 1756 2463 est
1779 2402 1944 2482 γάλα,
1968 2403 2077 2464 sed
2105 2408 2318 2486 βρῶμα.
2337 2403 2534 2464 Vobis
2564 2402 2734 2465 locu-

601 2519 700 2572 tus
743 2526 889 2571 sum
925 2516 995 2570 ut
1041 2509 1391 2589 spiritualis
1439 2508 1861 2588 spiritualiter
1901 2510 2254 2590 spiritualia
2289 2510 2733 2589 spiritualibus

596 2616 840 2679 dicens.
876 2650 953 2661 -
985 2616 1171 2690 Quod
1202 2615 1571 2678 autem⁸hic
1605 2632 1735 2678 non
1772 2615 1958 2693 dicit,
1999 2617 2154 2696 quia
2182 2618 2318 2695 jam
2349 2617 2416 2677 in
2451 2617 2512 2678 ΙΙ
2534 2666 2549 2694 ,
2583 2616 2730 2677 6-16

594 2723 781 2788 dixit.

677 2832 736 2896 2.
771 2832 922 2895 Non
956 2847 1072 2908 ego
1098 2837 1377 2892 vestram
1406 2833 1865 2910 praestantiam
1891 2847 2020 2892 non
2042 2847 2417 2913 consequor,
2446 2847 2555 2892 vos
2584 2846 2732 2892 con·

602 2947 695 3000 tra
738 2956 951 3000 meam
998 2955 1130 3001 non
1169 2938 1668 3018 consequimini.
1708 2971 1786 2984 —
1831 2937 2014 3012 Quod
2059 2936 2306 2999 ironice
2341 2938 2409 2997 in
2445 2936 2543 2997 III
2571 2985 2586 3012 ,
2617 2934 2732 2998 2-3

600 3043 938 3122 respondet
970 3063 984 3104 ε
1027 3067 1057 3100 «
1106 3044 1331 3105 Insani
1374 3044 1683 3123 profecto,
1717 3043 1830 3105 sed
1861 3060 1943 3104 ne
1975 3042 2165 3104 bodie
2197 3042 2462 3121 quidem
2495 3043 2542 3103 ii
2578 3042 2732 3104 estis

599 3151 715 3232 qui
734 3150 921 3213 aliter
940 3169 1135 3230 quam
1163 3151 1340 3230 pueri
1369 3150 1773 3213 habeamini!
1804 3152 1979 3212 Licet
2000 3150 2121 3212 Dei
2142 3148 2457 3228 sapientia
2479 3151 2729 3229 sapien-

603 3259 687 3322 tia
723 3258 829 3335 set,
859 3257 1012 3321 licet
1039 3257 1224 3320 vobis
1249 3256 1680 3336 praedicetur,
1715 3275 1788 3319 ex
1821 3266 2000 3336 parte
2027 3256 2239 3331 modo,
2272 3272 2421 3317 curn
2448 3274 2522 3317 ex
2553 3264 2733 3335 parte

658 3554 723 3618 (1)
753 3553 834 3604 Cf.
868 3553 990 3615 VII,
1022 3552 1101 3612 40,
1131 3552 1228 3601 ubi
1259 3557 1441 3600 tamen
1464 3552 1602 3614 κάγώ
1633 3551 1797 3598 aliam
1827 3549 2288 3613 significationem
2317 3554 2566 3612 usurpat.

658 3644 723 3708 (2)
755 3659 778 3689 α
810 3643 1224 3705 Nonnunquam
1266 3641 1348 3704 (ut
1387 3640 1534 3703 apud
1576 3639 1818 3689 Graecos
1843 3678 1855 3698 ,
1891 3640 2242 3701 potissimum
2273 3639 2551 3687 inferioris
2582 3642 2732 3686 aeta-

594 3734 688 3798 tis)
719 3735 777 3784 ἄν
808 3734 1082 3782 omittitur
1108 3748 1131 3778 »
1164 3730 1414 3793 (Grimm,
1444 3729 1512 3778 de
1540 3743 1678 3779 voce
1710 3730 1806 3792 ἄν).

659 3822 724 3886 (3)
756 3838 780 3869 «
813 3821 950 3871 Nam
979 3821 1235 3885 (dixerim
1268 3823 1363 3868 aut
1393 3818 1857 3882 significaverim),
1890 3818 2138 3868 nondum
2169 3818 2453 3882 poteratis,
2487 3835 2511 3865 »

659 3911 724 3974 (4)
773 3897 858 3960 A'd
897 3912 1044 3959 hunc
1085 3910 1310 3959 modum
1346 3908 1708 3971 explicandus
1749 3909 1839 3956 hic
1877 3924 1928 3957 v.
1964 3922 2124 3970 quem
2159 3922 2290 3957 cave
2331 3920 2399 3954 ne
2430 3911 2640 3967 vertaS,
2674 3914 2734 3958 ut

598 4001 847 4066 plerique
891 3983 1072 4049 solent
1103 4015 1113 4048 :
1154 4015 1178 4047 α
1210 4002 1375 4061 quasi
1405 4011 1517 4047 non
1560 4001 1831 4047 venturus
1867 3999 1987 4049 sim.
2020 4015 2044 4044 n
2077 3996 2245 4046 Verte
2285 3996 2471 4060 potius
2499 4010 2510 4044 :
2546 4012 2569 4042 «
2600 4001 2734 4058 quia

596 4104 710 4141 non
737 4090 923 4141 venio.
947 4107 972 4137 n
999 4089 1210 4139 Eodem
1236 4094 1484 4152 tempore
1516 4095 1823 4137 nascuntur
1853 4088 1998 4136 actio
2029 4087 2309 4150 praesenti
2339 4086 2581 4135 indicata
2605 4101 2733 4150 par-

597 4181 789 4243 ticipio
820 4184 875 4228 et
902 4180 996 4228 illa
1025 4192 1190 4241 quam
1219 4177 1526 4242 principale
1554 4179 1785 4226 verbum
1805 4175 2032 4226 indicat.
2060 4203 2122 4213 —
2156 4176 2384 4234 Videte,
2409 4175 2735 4237 inquiebant

596 4270 847 4319 nonnulli
884 4268 1189 4327 Corinthii,
1224 4281 1337 4315 non
1360 4269 1472 4329 jam
1502 4266 1688 4316 venit!
1733 4265 1923 4314 Sensit
1964 4266 2110 4313 enim
2141 4279 2297 4313 suam
2327 4265 2734 4327 professionem

591 4361 704 4420 jam
726 4359 888 4408 nobis
919 4358 1237 4408 satisfacere
1263 4369 1377 4405 non
1401 4369 1584 4420 posse,
1617 4356 2000 4418 spiritualibus
2033 4355 2342 4418 spiritualia
2374 4357 2733 4419 expostulan-

596 4448 762 4498 tibus.
796 4448 975 4498 Timet
1003 4461 1073 4497 ne
1104 4461 1219 4496 non
1248 4450 1619 4508 consequatur
1650 4444 2045 4506 praestantiam
2074 4448 2338 4495 nostram.
