3559 5609
1504 827 1554 889 1,
1596 826 1792 885 17-111‚
1830 827 1875 877 9.
2694 824 2752 875 17

623 966 652 998 ι
688 942 822 1020 Ego
854 955 1134 1022 quoque,
1169 941 1334 1002 sicut
1362 939 1794 1018 Evangelium
1826 940 2040 1018 ipsum
2076 963 2132 1015 ιν,
2181 938 2351 1018 quod
2387 947 2517 1000 tam
2544 939 2752 1000 admi-

618 1048 820 1111 rabile
851 1058 948 1110 est
976 1064 1174 1128 quam
1210 1046 1323 1109 illa
1355 1049 1429 1108 De
1469 1050 1643 1111 Wette
1679 1047 2124 1127 interpretatio
2159 1071 2171 1107 :
2223 1070 2252 1102 α
2302 1048 2432 1125 Ego
2460 1063 2714 1128 quoque
2738 1096 2752 1123 ,

620 1156 784 1218 sicut
812 1154 1009 1217 ceteri
1038 1152 1331 1233 apostoli.
1368 1181 1392 1208 υ
1444 1155 1621 1217 Num
1656 1153 2081 1231 Evangelium
2109 1199 2127 1228 ‚
2163 1171 2324 1215 num
2354 1155 2550 1216 ceteri
2579 1171 2757 1234 apos-

618 1263 732 1327 toli
778 1262 1168 1326 Corinthum
1215 1281 1282 1324 se
1330 1262 1746 1325 contulerunt
1793 1259 1973 1343 (κάγὼ
2023 1260 2184 1322 ἐλθών
2349 1255 2570 1344 homey?
2621 1264 2788 1325 Vox·

618 1369 771 1452 κάγώ
818 1394 845 1426 α
891 1388 996 1448 eqo
1047 1388 1284 1448 quoque
1364 1394 1394 1426 »
1475 1388 1606 1433 non
1667 1370 1894 1449 utique
1943 1370 2284 1448 significat.
2369 1371 2538 1432 Nam
2596 1367 2751 1451 (vid.

623 1476 890 1558 Grimm)
933 1479 1004 1538 in
1035 1477 1150 1539 illo
1185 1477 1264 1539 de
1297 1496 1424 1557 quo
1452 1478 1670 1557 agitur
1709 1477 1847 1540 loco
1886 1500 1914 1533 α
1963 1485 2020 1540 et
2060 1476 2357 1559 equidem,
2396 1501 2423 1534 n
2461 1478 2525 1538 id
2562 1486 2657 1538 est
2690 1485 2761 1539 ut

621 1585 700 1648 de
748 1603 855 1647 me
907 1587 1046 1668 ipso
1091 1584 1360 1664 loquar,
1418 1585 1789 1663 significare
1838 1593 2041 1665 potest
2081 1593 2190 1646 aut
2237 1585 2359 1664 (sic
2410 1584 2648 1646 Grimm
2688 1586 2758 1645 in

624 1693 813 1755 Rom.
837 1738 855 1767 ‚
884 1692 984 1753 III
1005 1739 1021 1769 ,
1058 1692 1124 1771 7)
1150 1694 1315 1753 idem
1340 1711 1442 1770 eqo
1479 1693 1665 1770 (eben
1697 1691 1804 1753 ioh
1833 1740 1846 1767 ‚
1878 1691 2110 1769 gerade
2135 1691 2270 1771 ich)
2304 1712 2319 1753 ε
2359 1691 2758 1753 Vertendum

628 1807 763 1861 tum
798 1799 918 1860 erit
951 1823 964 1859 ε
1004 1822 1032 1854 ιι
1084 1798 1229 1861 ideo
1268 1799 1553 1878 praecise
1585 1815 1781 1877 ege...
1811 1847 1825 1875 ,
1864 1822 1892 1855 »
1946 1815 2076 1860 non
2115 1816 2129 1860 ε
2168 1822 2198 1854 «
2246 1815 2364 1876 ego
2398 1815 2686 1878 quoque,
2722 1825 2747 1853 »

623 1906 733 1968 sed
768 1930 780 1966 ε
821 1926 853 1968 ‹
898 1907 1146 1981 Quare,
1182 1923 1322 1984 ego,
1362 1929 1390 1961 n
1428 1906 1500 1968 V.
1544 1906 1643 1981 ΙΙ,
1684 1905 1790 1967 1-5
1825 1907 2062 1967 iterant
2103 1905 2290 1967 modo
2329 1912 2392 1967 et
2435 1906 2752 1985 interpre-

626 2020 839 2075 tantur
872 2031 932 2073 V.
969 2014 1034 2088 I,
1073 2013 1142 2073 17
1179 2037 1191 2073 ε
1230 2015 1346 2073 Οὔκ
1386 2014 1440 2072 ἐν
1487 2012 1643 2097 σοφίᾳ
1673 2011 1863 2092 λόγου,
1898 2013 2061 2074 etin
2106 2013 2206 2090 II,
2254 2013 2290 2074 5
2334 2012 2556 2078 eadem
2587 2013 2758 2074 inter

623 2120 779 2182 hinc
812 2120 1193 2201 potentiam,
1231 2120 1414 2183 illinc
1446 2121 1830 2201 sapientiam
1865 2129 1978 2183 aut
2010 2120 2353 2186 stultitiam
2389 2124 2525 2201 (pro
2563 2121 2753 2182 infir-

623 2225 871 2308 mitate)
909 2228 1224 2306 oppositio
1252 2229 1620 2313 continetur
1655 2247 1821 2308 quae
1851 2230 1921 2289 in
1957 2229 1987 2288 Ι
2017 2276 2030 2302 ,
2069 2229 2142 2290 18
2171 2229 2513 2309 reperitur.

706 2335 856 2397 Non
891 2333 1051 2396 vidit
1079 2337 1272 2396 etiam
1305 2337 1484 2403 Godet
1514 2352 1642 2415 quo
1672 2335 1939 2399 vinculo
1983 2354 2044 2398 v,
2084 2337 2184 2412 ΙΙ,
2225 2336 2258 2396 6
2287 2384 2301 2413 ,
2354 2343 2416 2396 et
2445 2334 2560 2397 illa
2590 2352 2756 2417 quae

626 2459 820 2529 supra
849 2450 1001 2502 sunt
1029 2441 1435 2521 colligantur.
1468 2468 1494 2499 α
1536 2445 1663 2504 Par
1691 2451 1854 2505 cette
1887 2443 2186 2505 derniere
2212 2441 2428 2522 parole
2456 2442 2576 2524 (II,
2607 2442 2692 2522 5),
2723 2465 2752 2498 n

625 2549 878 2630 inquit,
937 2574 967 2607 «
1027 2567 1190 2612 nous
1254 2568 1536 2613 sommes
1595 2554 1895 2613 ramenes
1937 2569 2018 2612 au
2070 2550 2251 2630 point
2293 2549 2372 2611 de
2416 2550 2639 2629 depart
2680 2548 2759 2611 de

627 2662 763 2718 tout
792 2674 863 2718 ce
895 2674 1189 2735 passage,
1234 2658 1264 2718 I
1289 2705 1304 2733 ‚
1344 2658 1415 2719 18
1457 2682 1469 2718 :
1521 2656 1882 2737 l'Evangile
1924 2657 2088 2719 n'est
2136 2674 2248 2736 pas
2295 2674 2427 2719 une
2465 2674 2757 2734 sagesse,

628 2764 789 2824 mais
823 2782 950 2825 une
983 2765 1358 2841 puissauce3
1394 2782 1504 2845 pas
1542 2783 1670 2826 une
1702 2764 2114 2844 philosophie
2139 2813 2153 2838 ,
2186 2764 2353 2826 mais
2374 2781 2466 2825 un
2502 2763 2690 2825 salut.
2727 2787 2756 2820 »

561 2940 569 2947 ‚
630 2870 1061 2933 Vehementer
1082 2880 1272 2933 errat.
1313 2872 1739 2950 Evangelium
1766 2872 2045 2951 profecto
2073 2869 2482 2951 philosophia
2509 2869 2600 2951 (1)
2632 2887 2761 2932 non

630 2984 755 3053 est,
794 2978 906 3039 sed
936 2978 1256 3057 sapientia
1306 2997 1320 3039 ε
1371 2979 1541 3058 quod
1588 2978 1833 3042 Paulus
1883 2980 2037 3040 satis
2090 2987 2153 3040 et
2195 2978 2359 3039 dixit
2397 2986 2459 3038 et
2505 2979 2765 3040 iteravit

632 3084 725 3164 (I,
763 3087 871 3162 24,
913 3086 1020 3162 25,
1067 3085 1193 3167 30).
1246 3110 1274 3142 α
1332 3086 1848 3165 Quelques-unes
1887 3087 1999 3149 des
2045 3087 2445 3166 expressions
2486 3086 2566 3147 de
2600 3086 2764 3148 Paul

632 3194 971 3272 pouvaient
998 3194 1157 3256 faire
1187 3210 1495 3272 supposer
1508 3211 1649 3273 „que
1675 3193 1740 3255 la
1771 3211 2025 3272 sagesse
2067 3195 2221 3255 etait
2258 3193 2500 3254 bannie
2532 3193 2618 3254 du
2649 3192 2761 3254 do-

631 3300 847 3363 maine
879 3302 955 3364 de
984 3300 1371 3380 l'Evangile.
1418 3325 1446 3358 »
1492 3302 1830 3376 Quaenam
1861 3302 2102 3364 verba?
2139 3301 2458 3381 Equidem
2489 3302 2765 3362 minime

628 3408 833 3472 video.
875 3433 902 3465 α
942 3409 1033 3472 Or
1078 3426 1150 3472 oe
1196 3408 1419 3471 n’etait
1460 3411 1642 3489 point
1680 3410 1744 3471 la
1772 3428 1844 3471 ce
1878 3428 2003 3489 que
2037 3406 2323 3488 l'Apotre
2368 3409 2538 3471 avait
2565 3408 2764 3471 voulu

627 3515 786 3578 dire.
831 3541 859 3573 »
897 3517 995 3579 Ita
1046 3534 1235 3592 sane,
1270 3517 1384 3579 sed
1412 3518 1798 3597 neutiquam
1828 3517 2011 3581 dixit.
2050 3541 2079 3573 α
2114 3517 2194 3579 Et
2225 3515 2377 3579 c’est
2407 3534 2478 3579 ce
2505 3515 2761 3579 malen-

686 3766 756 3830 (1⁴)
784 3766 934 3816 Haec
961 3770 1132 3818 verba
1163 3770 1261 3832 (ΙΙ,
1295 3770 1368 3833 6),
1399 3775 1577 3820 Reuss
1606 3785 1897 3834 perperam
1932 3772 2328 3835 interpretatus
2356 3776 2438 3821 est
2472 3787 2482 3821 :
2520 3787 2544 3819 «
2578 3770 2764 3830 Quant

627 3854 658 3902 a
685 3856 740 3903 la
768 3856 1137 3918 philosophie,
1167 3861 1219 3920 je
1250 3860 1302 3908 la
1330 3860 1533 3922 preehe
1565 3875 1675 3908 aux
1706 3861 1956 3909 hommes
1987 3862 2156 3912 murs,
2186 3876 2210 3907 »
2246 3860 2391 3910 Num
2426 3859 2763 3922 cogitatione

629 3944 729 3991 tibi
761 3943 1015 4007 depingis
1047 3946 1280 3996 Paulum
1306 3941 1690 4012 philosophiae
1717 3949 1934 4000 scholas
1961 3951 2252 3998 habentem
2276 3948 2325 3997 t?
2353 3949 2607 4013 Denique
2631 3963 2764 3998 num

608 4036 789 4095 ‘putas
841 4033 1092 4096 Paulum,
1139 4038 1186 4085 si
1234 4038 1381 4101 apud
1430 4038 1750 4088 Corinthios
1795 4039 1932 4087 nihil
1976 4040 2126 4088 aliud
2175 4054 2338 4102 quam
2384 4039 2665 4089 Christum
2710 4044 2764 4087 et

629 4120 912 4171 Christum
943 4125 1268 4174 crucifixum
1298 4126 1388 4189 (ΙΙ,
1419 4126 1466 4190 2)
1498 4128 1640 4176 scire
1669 4129 1930 4188 voluerit,
1959 4128 2108 4188 alibi,
2130 4128 2277 4177 inter
2305 4130 2417 4187 τοὺς
2446 4129 2659 4186 τελείους
2685 4129 2761 4176 ni-

627 4211 828 4260 mirum
851 4252 862 4274 ‚
904 4213 1054 4262 aliud
1098 4215 1239 4263 seire
1284 4215 1565 4265 voluisse?
1597 4206 1744 4274 Quid
1787 4222 1872 4266 est
1910 4222 2094 4266 autem
2131 4218 2269 4266 illud
2312 4234 2335 4264 a
2375 4212 2524 4267 aliud
2556 4235 2579 4265 »
2613 4219 2760 4280 quod

629 4305 785 4350 extra
805 4300 1089 4353 Christum
1110 4304 1337 4366 ponitur
1359 4303 1383 4351 ?
1407 4305 1632 4366 Aliquid
1664 4304 1990 4354 christiani?
2018 4305 2271 4356 Minime!
2302 4333 2363 4344 --
2391 4321 2572 4370 neque
2595 4308 2770 4388 igitur

631 4389 963 4448 pauliniani!

2403 4492 2437 4551 2
