3559 5609
1564 829 2020 882 PROOEMIUM.
2828 838 2856 887 3

722 961 982 1023 prorsus
1011 943 1487 1008 admittendum
1520 947 1690 1026 quod
1729 948 1804 1009 in
1846 966 1975 1010 uno
2012 948 2239 1010 saltem
2269 951 2483 1013 codice
2515 969 2644 1015 non
2681 970 2857 1033 repe-

722 1051 952 1114 riatur.
991 1052 1184 1115 Multi
1214 1060 1367 1115 sunt
1408 1053 1601 1115 etiam
1635 1055 1747 1135 qui
1790 1055 2058 1118 inanem
2093 1058 2283 1119 istam
2316 1058 2671 1122 Lachmann
2705 1078 2856 1121 sen-

723 1160 990 1221 tentiam
1026 1167 1327 1222 tueantur
1361 1179 1374 1221 :
1414 1159 1530 1222 ille
1572 1160 1836 1241 quidem
1880 1180 2125 1225 vanum
2157 1163 2552 1246 irritumque
2590 1167 2860 1231 ducebat

722 1266 1146 1347 archetypum
1188 1273 1433 1329 textum
1479 1282 1858 1345 recuperare
1904 1268 2102 1344 velle,
2144 1277 2207 1331 et
2235 1270 2294 1331 si
2336 1272 2483 1350 quis
2512 1253 2684 1336 inter
2729 1274 2859 1337 lec-

721 1372 926 1436 tiones
962 1374 1169 1436 varias
1199 1373 1557 1436 rationibus
1587 1372 1976 1453 dijudicaret
2005 1375 2424 1441 interioribus
2457 1387 2516 1442 et
2550 1405 2578 1436 <1
2617 1382 2860 1461 subjec-

722 1480 870 1541 tivis
909 1506 934 1533 a>
968 1529 982 1557 ‚
1015 1479 1136 1543 hoc
1169 1478 1405 1542 falsum
1452 1497 1588 1541 esse
1634 1480 2059 1543 contendebat
2090 1491 2151 1545 et
2181 1486 2554 1549 auctoritate
2593 1487 2859 1551 destitu-

721 1594 890 1665 tum,
930 1605 1004 1650 ac
1046 1586 1439 1651 moderatius
1484 1594 1735 1648 tantum
1781 1587 2039 1667 optabat
2084 1596 2325 1652 textum
2369 1594 2580 1672 quarti
2620 1589 2859 1658 saec'uli

718 1710 866 1756 cum
904 1695 973 1756 in
1006 1693 1271 1757 Oriente
1293 1744 1309 1772 ,
1348 1702 1483 1756 tum
1511 1694 1581 1756 in
1610 1694 1957 1758 Occidente
1993 1697 2324 1776 vulgarem
2357 1701 2720 1766 restituere.

798 1804 937 1865 Hae
981 1801 1453 1884 praeJ’udicatae
1496 1801 1870 1881 opiniones,
1918 1820 2064 1865 meo
2094 1804 2376 1883 judicio,
2424 1824 2685 1887 prorsus
2726 1810 2855 1873 im-

717 1919 1030 1991 portunae
1070 1918 1245 1973 sunt.
1292 1909 1582 1984 Quorum
1612 1925 1808 1988 opera
1848 1915 2051 1971 textus
2097 1910 2263 1971 sacri
2292 1912 2511 1975 critica
2551 1914 2684 1977 fe're
2719 1933 2847 1978 uno

716 2018 969 2082 saeculo
1007 2018 1230 2081 critica
1270 2016 1589 2078 librorum
1623 2016 2045 2096 profanorum
2082 2018 2486 2081 anteceditur
2507 2070 2521 2098 ,
2557 2039 2630 2084 ac
2658 2022 2742 2086 N.
2774 2023 2847 2084 T.

713 2127 1137 2206 interpretum
1162 2132 1331 2187 artes
1362 2124 1445 2186 iis
1480 2122 1728 2185 similes
1755 2130 1908 2184 sunt
1939 2140 2105 2203 quae
2128 2124 2515 2204 philologiae
2546 2127 2849 2193 classicae

712 2235 782 2296 in
806 2234 1036 2297 XVIII
1060 2232 1313 2295 saeculo
1341 2231 1628 2312 propriae
1654 2236 1860 2303 erant,
1884 2246 2044 2309 quas
2064 2237 2281 2292 autem
2304 2232 2544 2296 abhinc
2565 2234 2680 2297 illa
2701 2235 2849 2298 reli-

712 2342 874 2424 quit.
895 2342 1192 2416 Quorum
1210 2357 1400 2420 opera
1418 2338 1520 2399 vix
1544 2337 1938 2418 pedetentim
1962 2338 2373 2416 progreditur
2397 2341 2615 2404 critica
2640 2360 2841 2405 sacra.

712 2450 877 2513 Cum
916 2447 1379 2539 interpretibus
1431 2445 1610 2508 locus
1659 2451 1999 2526 corruptus
2035 2446 2346 2522 occurrit,
2392 2465 2524 2511 non
2560 2449 2846 2512 fatentur

711 2557 976 2638 quidem
1017 2561 1391 2635 corruptum
1435 2572 1572 2616 esse
1605 2553 1820 2616 locum
1843 2601 1858 2631 ‚
1904 2553 2016 2615 sed
2061 2553 2251 2616 talem
2290 2557 2701 2636 interpretari
2734 2574 2841 2621 co-

711 2672 969 2727 nantur.
1014 2665 1318 2725 Attamen
1359 2680 1491 2724 non
1522 2681 1774 2744 semper
1814 2662 2054 2724 multae
2089 2671 2242 2724 sunt
2280 2665 2841 2744 interpretationes

648 2785 659 2798 ·
709 2773 912 2834 vitiati
946 2771 1072 2833 loci
1107 2786 1300 2850 quem
1332 2783 1524 2830 nemo
1554 2766 1916 2845 intelligere
1952 2771 2177 2848 potest.
2217 2749 2655 2843 Quamobrem
2687 2786 2848 2838 exe-o

708 2881 875 2958 gesis
913 2879 1087 2940 inter
1115 2876 1274 2940 duas
1315 2882 1426 2937 aut
1463 2883 1737 2955 quatuor
1777 2876 2338 2956 interpretationes
2377 2877 2613 2956 pariter
2645 2876 2840 2939 falsas

708 2986 951 3048 versari
985 3002 1122 3046 non
1159 2982 1398 3045 desinit
1431 3006 1443 3042 :
1477 2983 1906 3061 interpretum
1938 2984 2384 3062 unusquisque
2416 3000 2640 3045 earum
2673 2984 2840 3047 acci-

706 3093 801 3172 pit
843 3110 1042 3154 unam
1090 3109 1164 3153 ac
1210 3090 1374 3151 mire
1420 3088 1733 3150 nimirum
1775 3088 1935 3151 alias
1983 3090 2381 3152 demonstrat
2431 3107 2568 3152 esse
2606 3089 2837 3167 falsaS‚

706 3216 838 3261 non
889 3198 1192 3277 intelligit
1241 3204 1459 3260 autem
1509 3196 1760 3275 J‘ustum
1811 3196 1994 3258 illius
2051 3197 2501 3276 disputationis
2549 3196 2835 3276 judicem

704 3306 769 3367 id
822 3305 1031 3368 solum
1075 3323 1152 3367 ex
1200 3304 1305 3365 his
1355 3322 1505 3366 cum
1551 3303 2121 3383 explicationibus,
2162 3313 2297 3366 tum
2339 3304 2839 3367 refutationibus

704 3413 943 3476 inferre
978 3438 990 3474 ε
1031 3430 1257 3476 omnes
1293 3413 1365 3474 T.
1410 3413 1489 3475 R.
1538 3412 2103 3492 interpretationes
2147 3389 2456 3474 absurdas'
2505 3429 2664 3474 esse.
2706 3413 2841 3473 Aut

706 3538 858 3583 sane
892 3520 988 3581 vis
1017 3518 1269 3598 ingenii
1297 3518 1591 3580 celeriter
1631 3518 1701 3577 in
1737 3533 1937 3579 vacuo
1968 3523 2259 3594 vagatur.
2296 3518 2634 3596 Impeditis
2671 3517 2848 3597 judi-¹

704 3628 822 3690 ciis
856 3625 1266 3689 incredibilia
1306 3622 1657 3686 succedunt
1684 3622 1949 3702 Judicia.
1997 3622 2125 3697 Qui
2163 3641 2246 3685 ne
2265 3625 2546 3687 verbum
2575 3624 2839 3705 quidem

702 3734 1149 3815 conjecturalis
1191 3732 1458 3795 rationis
1480 3730 1715 3793 'audire
1746 3728 2008 3805 volunt,
2044 3729 2193 3810 quia
2230 3730 2486 3794 videtur
2517 3732 2611 3794 eis
2635 3731 2839 3795 libera

702 3842 1027 3919 nimium,
1074 3859 1206 3903 non
1253 3839 1778 3902 animadvertunt
1824 3855 1891 3899 se
1939 3838 2008 3898 in
2049 3836 2216 3899 illud
2267 3838 2497 3901 vitium
2548 3841 2841 3903 decidere

701 3949 873 4031 quod
912 3949 1141 4012 ceteris
1190 3949 1505 4010 tribuunt.
1554 3948 1974 4009 Accusatores
2018 3946 2148 4008 reis
2194 3954 2345 4006 sunt
2397 3949 2837 4026 nocentioreS,

698 4076 974 4140 quorum
1017 4057 1476 4137 explicationes
1510 4053 1779 4116 audacia
1814 4071 1889 4116 ac
1922 4053 2218 4116 libertate
2257 4053 2479 4114 omnia
2515 4073 2681 4134 quae
2726 4075 2839 4119 ex-

698 4167 978 4245 cogitare
1011 4183 1223 4246 posses
1260 4166 1607 4245 superant!

778 4274 930 4337 Post
965 4274 1056 4336 IV
1089 4271 1420 4335 saeculum
1472 4277 1534 4332 et
1576 4270 1646 4331 in
1693 4269 1831 4348 ipso
1863 4270 1954 4331 IV
2006 4268 2259 4331 saeculo
2306 4268 2552 4332 scribae
2596 4273 2838 4351 saepis-

698 4382 861 4445 sime
913 4380 1331 4444 vehementer
1375 4384 1592 4440 errant
1629 4394 1644 4439 ε
1679 4376 1850 4457 quod
1895 4395 2007 4455 per
2050 4374 2162 4437 illa
2214 4376 2335 4438 tria
2385 4380 2638 4441 saecula
2672 4398 2839 4460 quae
