3559 5609
746 755 833 806 104
1704 753 1779 813 X,
1819 753 1894 805 18.

741 874 969 935 Solent.
1012 873 1369 934 Recordare
1401 872 1584 935 sodes
1614 871 1818 932 Hebr.
1854 869 2058 945 XIII,
2103 869 2174 930 10
2220 890 2235 931 :
2287 870 2481 952 ἔχομεν
2509 870 2870 953 θυσιαστήριον

742 979 796 1051 ἐξ
839 972 899 1040 οὗ
938 986 1120 1065 φαγεῖν
1168 981 1265 1042 οὐκ
1312 980 1523 1061 ἔχουσιν
1576 978 1844 1053 ἐξουσίαν,
1899 987 2070 1042 eto...
2128 978 2689 1058 Supervacaneum
2740 985 2865 1052 est,

739 1098 922 1169 puto,
955 1087 1303 1149 admonere
1335 1103 1730 1166 quemquam
1761 1085 2125 1167 θυσιαστήριον
2163 1084 2378 1164 ipsum
2420 1102 2630 1163 neque
2667 1090 2871 1146 totum

740 1214 949 1276 neque
978 1213 1051 1257 ex
1099 1204 1276 1274 parte
1311 1193 1560 1257 comedi
1602 1211 1803 1273 posse.
1852 1191 2415 1271 Metonymia‘illa
2453 1190 2585 1252 illis
2620 1189 2871 1269 ‘similis

738 1311 858 1380 est,
905 1305 1174 1385 quaein
1233 1304 1506 1383 epistula
1544 1311 1761 1365 nostra
1793 1290 2164 1376 occurrunt,
2207 1300 2278 1361 in
2322 1318 2448 1381 qua
2485 1300 2731 1382 ποτήριον
2760 1317 2872 1381 pro

735 1404 870 1480 οἶνος
902 1412 1173 1474 habetur
1218 1412 1488 1491 vocique
1536 1411 1691 1494 ἄρτος
1731 1409 2074 1490 respondet
2109 1407 2271 1488 (XI,
2326 1409 2435 1481 26,
2475 1408 2584 1485 27,
2631 1405 2753 1487 28).
2791 1405 2871 1466 In

734 1520 830 1591 X,
881 1519 954 1581 18
990 1518 1394 1599 metonymia
1437 1536 1691 1599 quoque
1734 1518 1926 1578 inest.
1970 1515 2330 1578 Christiani
2373 1514 2485 1595 qni
2526 1530 2760 1593 panem
2798 1511 2869 1571 in

737 1627 1127 1689 eucharistia
1159 1626 1553 1688 manducant
1579 1624 1817 1686 κοινωνοὶ
1844 1630 1936 1684 τοῦ
1965 1624 2124 1707 ἄρτου
2153 1624 2320 1684 fiunt
2345 1670 2358 1695 ,
2395 1622 2532 1684 scil.
2565 1626 2656 1681 τοῦ
2686 1618 2872 1701 σώμα-

734 1759 822 1803 τος
848 1739 941 1794 τοῦ
959 1736 1215 1818 Χριστοῦ.
1251 1733 1582 1796 Israelitae
1612 1742 1827 1795 autem
1852 1733 1967 1813 qni
1999 1732 2238 1794 hostias
2281 1730 2511 1805 edunt,
2552 1734 2658 1790 τῶν
2684 1734 2873 1789 θυσιῶν

734 1842 972 1903 κοινωνοί
1032 1843 1230 1918 fiunt,
1295 1841 1428 1903 scil.
1490 1839 1974 1903 immolatorum
2027 1847 2217 1918 atque
2271 1836 2635 1901 oblatorum
2700 1837 2833 1898 Deo
2855 1885 2868 1912 ,

738 1967 889 2027 ergo
918 1949 1038 2028 ipsi
1090 1949 1220 2011 Deo
1268 1948 1590 2010 immolati
1636 1956 1827 2028 atque
1861 1946 2056 2009 oblati
2104 1947 2308 2021 fiunt,
2342 1954 2403 2008 et
2434 1944 2672 2006 κοινωνοὶ
2705 1947 2869 2007 Θεοῦ.

737 2055 1066 2133 Intelligis
1097 2074 1294 2136 quam
1330 2056 1492 2119 haec
1529 2056 1694 2118 bene
1723 2036 2155 2135 respondeant
2187 2052 2544 2135 symbolico
2572 2052 2874 2115 sacrificii

737 2165 808 2226 in
852 2163 934 2225 V.
969 2163 1042 2224 T.
1078 2163 1320 2225 sensui.

1689 2376 1787 2454 X,
1823 2376 1920 2437 29.

820 2594 898 2655 In
948 2593 1046 2666 X,
1086 2591 1333 2668 23-ΧῙ,
1371 2593 1398 2653 1
1439 2591 1972 2672 quotiescumque
2012 2590 2256 2654 Paulus
2288 2592 2323 2651 2
2368 2608 2534 2672 pers.
2573 2590 2868 2663 adhibet,

740 2699 856 2761 illa
885 2698 1152 2779 quidem
1180 2701 1247 2760 in
1281 2698 1515 2778 plurali
1548 2716 1822 2762 numero
1860 2698 2083 2761 utitur.
2118 2699 2327 2778 Igitur
2361 2700 2630 2778 corrige,
2666 2699 2873 2769 eodem

739 2811 962 2868 ἑαυτῶν.
997 2805 1168 2868 Illud
1205 2806 1520 2868 mendum
1551 2805 1862 2869 facillime
1908 2807 2116 2868 scriba
2157 2808 2559 2883 committere
2591 2813 2872 2886 poterat3

741 2922 1065 2994 praeterea
1119 2932 1267 2992 gen.
1330 2914 1501 2992 sing.
1556 2919 1648 2974 τοῦ
1705 2913 1919 2997 ἑτέρου,
1979 2932 2127 2977 cum
2191 2915 2260 2977 in
2321 2915 2608 2994 proximo
2671 2923 2872 2990 esset,

741 3019 1090 3083 maximam
1124 3020 1258 3081 vim
1294 3020 1542 3083 habuit.

1685 3236 1822 3311 xl,
1870 3237 1927 3299 2.

822 3448 1051 3512 Solent·
1094 3447 1613 3527 interpretatores
1654 3449 1841 3511 illum
1898 3469 1958 3513 v.
2006 3468 2119 3532 pro
2165 3451 2555 3515 affirmativa
2588 3454 2874 3533 proposi-

743 3556 915 3618 tione
935 3553 1172 3616 habere
1200 3580 1213 3615 :
1241 3555 1412 3617 unde
1437 3556 1509 3617 fit
1533 3564 1604 3617 ut
1630 3539 1872 3618 Paulus
1901 3559 2327 3639 repugnantia
2357 3559 2543 3621 dicat.
2580 3560 2878 3623 Declarat

742 3663 920 3725 enim
957 3687 969 3723 :
1023 3686 1051 3718 «
1092 3662 1318 3724 Laudo
1343 3679 1454 3725 vos
1489 3664 1660 3743 quod
1710 3682 2170 3745 usquequaque
2213 3665 2440 3748 (πάντα)
2468 3667 2599 3728 mei
2627 3685 2874 3731 memo·

743 3789 844 3833 res
878 3771 1028 3833 estis
1057 3819 1070 3844 ,
1105 3778 1166 3832 et
1196 3780 1526 3850 praecepta
1559 3790 1704 3834 mea
1743 3772 1914 3833 sicut
1959 3773 2214 3848 tradidi,
2251 3774 2510 3857 tenetis·
2546 3796 2572 3829 n
2606 3774 2878 3837 Verum-

746 3876 1053 3938 tamenin
1087 3894 1216 3956 seq.
1255 3895 1313 3937 ν.
1347 3876 1467 3954 (17,
1501 3875 1602 3954 22)
1628 3876 1775 3940 illos
1802 3878 2163 3957 vituperare
2192 3879 2474 3940 festinat.
2510 3879 2868 3956 Praeterea,

740 3984 911 4044 inter
942 4001 1014 4044 ea
1038 4001 1201 4063 quae
1224 3983 1581 4046 Corinthiis
1611 4002 1647 4043 a
1674 3984 1877 4047 Paulo
1910 3992 2061 4045 sunt
2097 3985 2324 4047 tradita
2348 3985 2687 4069 (παραδόσεις
2719 4006 2777 4047 v.
2813 3988 2876 4067 2)

743 4100 803 4152 et
831 4109 989 4170 quas
1020 4090 1339 4152 Corinthii
1391 4090 1545 4152 tales
1581 4100 1932 4155 tenuerunt
1975 4093 2200 4172 quales
2233 4094 2477 4156 Paulus
2513 4095 2646 4156 illis
2680 4097 2872 4157 tradi-

742 4197 943 4271 derat,
972 4198 1288 4274 reperitur
1314 4198 1475 4259 ratio
1506 4198 1756 4259 Coenae
1784 4217 2000 4260 sacrae
2026 4199 2446 4264 celebrandae
2478 4221 2491 4263 :
2526 4220 2720 4281 quam
2744 4201 2874 4264 illis

745 4303 985 4365 Paulus
1017 4304 1275 4365 tradidit
1307 4303 1395 4383 (v.
1449 4304 1522 4367 23
1550 4304 1895 4387 παρέδωκα),
1929 4306 2210 4370 attamen
2252 4326 2382 4370 non
2421 4318 2868 4383 servaverunt,
