3559 5609
768 852 828 901 84
1665 851 1796 911 vll,
1832 852 1921 903 25-
1927 852 2003 904 38.

851 971 895 1031 F
921 970 978 1030 G
1003 969 1060 1028 It
1102 969 1352 1052 ἀδελφοί,
1383 969 1462 1028 ὅτι
1492 975 1520 1028 ὁ
1548 969 1725 1051 καιρὸς
1757 969 2167 1049 συνεσταλμένος
2196 971 2307 1099 ἐστὶ
2341 971 2579 1033 λοιπόν’
2558 998 2699 1034 εστιν
2729 974 2835 1035 ἵνα.

848 1079 951 1139 Μ6
974 1076 1226 1157 judice,
1265 1073 1510 1137 Paulus
1539 1076 1842 1138 dederat:

843 1189 1012 1244 Τοῦτο
1045 1183 1100 1243 δέ
1132 1207 1301 1266 φημι,
1343 1181 1608 1264 ἀδελφοί·
1639 1182 1721 1242 ὅτι
1763 1188 1792 1241 ὁ
1826 1183 2004 1264 καιρὸς
2035 1185 2445 1265 συνεσταλμένος
2473 1186 2534 1246 τὸ
2562 1186 2778 1264 λοιπόν,
2809 1188 2894 1249 ἵνα

761 1289 927 1352 καί...

729 1377 734 1381 ’
845 1386 899 1455 «“
929 1397 1069 1458 Hoc
1119 1395 1262 1459 dico
1287 1443 1301 1472 ,
1351 1395 1580 1457 fratres
1625 1420 1637 1455 ε
1687 1395 2219 1475 quandoquidem
2275 1399 2467 1461 breve
2520 1399 2605 1462 sit
2651 1399 2894 1465 abhinc

759 1476 932 1582 quod
962 1509 1158 1565 restat
1187 1508 1442 1591 tempus
1465 1548 1484 1580 ‚
1522 1502 1654 1563 sint
1681 1502 1800 1581 qui
1847 1501 2088 1564 habent
2129 1520 2360 1567 uxores
2405 1511 2719 1584 tanquam
2757 1522 2891 1568 non

755 1610 1066 1673 habentes
1095 1615 1266 1671 etc...
1304 1633 1332 1665 »
1366 1609 1446 1671 V.
1479 1620 1636 1695 rocyo
1664 1609 2156 1689 explicationem
2187 1612 2648 1691 propositionis
2674 1610 2760 1672 διὰ
2787 1611 2891 1692 τὴν

759 1717 1056 1777 ἐνεστῶσαν
1088 1714 1351 1797 ἀνάγκην,
1383 1715 1538 1778 ὅτι...
1557 1716 1861 1778 nuntiat.
1899 1716 2047 1779 Non
2080 1718 2328 1779 mirum
2361 1725 2456 1781 est
2484 1702 2699 1797 igitur*
2719 1736 2890 1781 com-

755 1825 1145 1906 positionem
1198 1824 1545 1886 verborum
1594 1824 1666 1884 in
1711 1843 1771 1884 v.
1828 1824 1903 1886 29
1954 1825 2299 1888 verborum
2346 1826 2419 1887 in
2469 1846 2532 1889 v,
2583 1826 2659 1887 26
2709 1810 2891 1889 com-¹

752 1934 1144 2012 positionem
1175 1932 1454 2006 imitari,
1488 1949 1562 1994 ac
1588 1949 1820 1994 rursus
1855 1932 2092 1995 iterum
2124 1933 2300 1995 idem
2334 1950 2396 1995 v,
2429 1933 2514 1993 ὅτι
2551 1935 2652 2011 (..·-.-.
2683 1951 2886 2013 quan-

752 2041 1129 2121 doquidem)
1185 2042 1256 2102 in
1309 2041 1550 2120 protasi
1602 2040 1912 2103 inveniri.
1971 2041 2141 2104 Cum
2193 2043 2337 2122 ejus
2391 2042 2882 2121 compositionis

747 2149 1188 2230 infrequentia
1224 2150 1296 2210 in
1331 2166 1613 2212 errorem
1643 2149 1947 2211 librarios
1974 2150 2214 2229 rapuit,
2251 2156 2389 2212 tum
2418 2167 2540 2212 vox
2559 2149 2646 2211 ἵνα
2677 2167 2881 2231 quam

745 2257 907 2320 falso
940 2258 1077 2320 sive
1106 2259 1186 2320 ad
1214 2257 1351 2342 φημί
1381 2257 1743 2320 retulerunt
1776 2258 1915 2320 sive
1943 2258 2024 2319 ad
2059 2257 2470 2338 συνεσταλμένος
2499 2258 2639 2319 ἐστίν
2666 2257 2879 2339 (quod

746 2367 929 2430 omni
964 2383 1163 2428 sensu
1195 2373 1407 2441 vacat3
1443 2381 1597 2426 nam
1619 2364 1898 2445 profecto
1933 2381 2066 2427 non
2095 2373 2167 2427 ut
2202 2366 2320 2445 qui
2360 2365 2600 2428 habent
2642 2383 2876 2429 uxores

745 2482 1055 2555 tanquam
1078 2492 1211 2537 non
1241 2473 1551 2536 habentes
1580 2474 1715 2536 sint
1743 2479 1914 2535 etc...
1947 2472 2080 2535 idco
2108 2473 2303 2536 breve
2331 2481 2427 2538 est
2450 2481 2727 2554 tempus,
2761 2473 2875 2538 sed

740 2583 888 2664 quia
913 2582 1106 2644 breve
1135 2588 1229 2645 est
1257 2588 1535 2660 tempuS‚
1573 2580 1818 2643 idcirco
1856 2580 1972 2660 qui
2002 2580 2243 2643 babent
2284 2587 2454 2645 etc...
2488 2581 2588 2647 Cf.
2623 2582 2728 2642 διὰ
2770 2581 2873 2662 τὴν

741 2691 1037 2751 ἐνεστῶσαν
1070 2688 1348 2769 ἀνάγκην).
1375 2722 1454 2733 -
1475 2688 1566 2751 Ut
1594 2673 2345 2771 intelligatur'quomodo
2372 2695 2581 2752 textus
2606 2690 2869 2752 restitu-

738 2806 841 2860 tus
888 2798 1101 2860 varias
1146 2797 1454 2859 lectiones
1493 2796 1850 2876 pepererit,
1891 2797 2218 2860 suffecerit
2257 2797 2770 2881 animadvertere
2803 2815 2861 2859 v,

733 2905 812 2965 ὅτι
860 2913 921 2967 et
962 2909 1075 2965 ἐστι
1117 2921 1304 2985 saepe
1349 2904 1620 2967 confusa
1662 2920 1803 2966 esse
1836 2922 1850 2965 ε
1884 2904 2194 2983 observa,
2239 2921 2517 2983 quaeso,
2550 2906 2622 2966 in
2666 2905 2866 2967 variis
2910 2932 2915 2937 ·

729 3011 1119 3076 lectionibus
1165 3012 1444 3074 litteram
1485 3035 1512 3069 ν
1557 3011 1928 3093 ἐφελκυστικόν
1951 3056 1969 3089 ,
2021 3017 2094 3073 ut
2138 3011 2326 3073 aiunt
2366 3012 2627 3089 Graeci,
2670 3011 2864 3074 verbo

729 3120 842 3182 ἐστί
874 3122 1095 3184 deesse
1132 3120 1669 3199 quotiescumque
1714 3118 1829 3178 ἐστί
1869 3125 2018 3181 ante
2053 3119 2339 3181 litteram
2395 3125 2862 3183 consonantem

727 3229 966 3307 legitur
991 3276 1005 3305 ,
1059 3227 1233 3305 quod
1282 3227 1354 3287 in
1405 3226 1488 3287 N.
1539 3226 1613 3286 T.
1666 3243 1881 3304 neque
1935 3243 2187 3305 semper
2234 3244 2445 3306 neque
2497 3226 2861 3306 plurimum

727 3336 965 3411 evenit,
993 3337 1066 3395 in
1094 3350 1224 3413 quo
1258 3334 1641 3412 plerumque
1676 3334 1871 3394 etiam
1910 3341 2057 3395 ante
2088 3341 2517 3397 consonantes
2552 3334 2860 3397 scribitur

722 3444 784 3504 τὸ
832 3467 861 3503 ν
905 3440 1292 3525 ἐφελκυστικόν.
1332 3441 1569 3503 Nonne
1598 3457 1674 3502 ex
1711 3458 1786 3504 eo
1822 3440 2100 3502 efficitur
2135 3448 2205 3502 ut
2233 3459 2294 3502 v.
2328 3441 2441 3502 ἐστί
2473 3441 2647 3503 nihil
2674 3440 2857 3503 aliud

724 3552 808 3613 sit
835 3567 910 3612 ac
935 3570 996 3613 v.
1030 3549 1110 3610 ὅτι
1140 3555 1515 3627 corruptum
1554 3549 1852 3628 maleque
1893 3548 1965 3608 in
2005 3555 2250 3610 textum
2290 3548 2661 3611 insertum?
2692 3549 2852 3612 Pos-

726 3659 925 3721 terius
977 3657 1274 3719 additum
1321 3656 1520 3718 fuerit
1573 3680 1601 3714 ν
1648 3658 1833 3740 ἐφελκ.
1855 3703 1869 3732 ,
1922 3661 2264 3736 postquam
2316 3654 2396 3715 ὅτι
2442 3656 2689 3719 factum
2740 3654 2856 3716 ἐστί

721 3766 1006 3830 vocalem
1042 3766 1395 3844 quamdam
1420 3765 1753 3843 tangeret?
1786 3765 2124 3826 Addamus
2152 3762 2214 3823 τό
2241 3765 2574 3827 interdum
2602 3765 2675 3827 in
2704 3765 2846 3827 cod.

718 3858 869 3938 cum
916 3882 1067 3938 nota
1113 3875 1388 3936 lacunae
1442 3873 1767 3940 indicatae
1817 3880 1931 3934 aut
1974 3873 2324 3953 explendae
2374 3873 2716 3936 confundi.
2770 3906 2845 3919 -

717 3983 971 4057 Quibus
1001 3982 1254 4062 positis,
1287 3989 1544 4060 apparet
1567 3998 1789 4044 vocem
1813 3980 1978 4057 &aa
2000 3979 2292 4044 librariis
2320 3980 2631 4045 omissam
2654 3986 2848 4061 atque

714 4091 786 4152 in
819 4091 1118 4169 margine
1147 4088 1565 4167 adscriptam,
1599 4089 1965 4151 restitutam
1998 4088 2205 4151 fuisse

792 4197 855 4277 a)
895 4194 1115 4273 semel,
1149 4196 1260 4257 sed
1293 4195 1458 4256 male
1485 4195 1705 4275 (modo
1729 4202 1901 4272 ante,
1935 4196 2127 4258 modo
2154 4201 2296 4275 post
2322 4194 2383 4254 τὸ
2406 4193 2614 4274 λοιπόν)
2650 4195 2841 4274 scrip·

713 4311 972 4383 tamque
1001 4302 1114 4363 ἐστί
1152 4302 1270 4378 (sic
1297 4303 1360 4363 K
1381 4304 1432 4363 L
1466 4308 1527 4363 et
1556 4312 1606 4368 ἃ
1626 4304 1681 4364 Α
1706 4304 1760 4364 Β
1784 4302 1901 4382 Ρ);

791 4412 847 4491 b)
881 4411 1013 4485 his,
1055 4411 1342 4488 primum
1393 4410 1554 4471 bene
1598 4410 2032 4490 scriptamque
2065 4410 2181 4486 ὅτι,
2225 4410 2379 4472 dein
2424 4409 2593 4472 male
2625 4408 2840 4490 (modo
