3559 5609
1529 832 1581 892 1,
1621 831 1819 891 17-111,
1856 831 1902 881 9.
2714 830 2769 878 21

651 955 776 1024 tur,
813 948 1226 1010 comburetur
1258 964 1332 1010 ac
1364 965 1473 1027 pro
1510 946 1722 1008 nihilo
1749 947 2039 1009 ducetur.
2078 947 2301 1025 Itaque
2338 947 2568 1009 merito
2599 947 2773 1009 Pau-

644 1051 750 1117 lus
790 1054 1067 1117 declarat
1120 1073 1304 1117 suam
1348 1054 1811 1133 professionem
1862 1055 2157 1134 perfectis
2206 1072 2343 1118 esse
2386 1054 2769 1136 sapientiam.

645 1162 758 1237 Et,
796 1171 865 1224 ut
903 1162 1142 1223 iterum
1173 1161 1422 1237 dicam,
1456 1164 1593 1242 ipse
1617 1171 1838 1225 contra
1863 1179 1929 1223 se
1953 1162 2228 1239 diceret,
2272 1162 2328 1223 si
2369 1161 2531 1224 alibi
2581 1180 2774 1241 quam

644 1269 940 1333 Corinthi
973 1269 1135 1330 scire
1165 1269 1410 1349 aliquid
1440 1268 1620 1331 aliud
1648 1268 1845 1331 vellet
1872 1286 2067 1349 quam
2099 1268 2427 1331 Christum
2460 1278 2523 1330 et
2549 1268 2792 1331 Chris-'

643 1384 780 1438 tum
818 1376 1202 1439 crucifixum
1233 1377 1354 1458 (11,
1388 1377 1474 1457 2).

715 1486 943 1555 ‚Novas
974 1486 1167 1546 etiam
1207 1484 1748 1549 contradictiones
1789 1485 2096 1546 munifice
2125 1483 2327 1546 Paulo
2363 1482 2552 1546 Godet
2577 1483 2773 1562 largi·-

642 1602 768 1656 tur.
806 1590 993 1654 Godet
1019 1601 1297 1668 auctore,
1332 1592 1515 1653 scivit
1550 1592 1792 1654 Paulus
1822 1590 2119 1655 Corinthi
2149 1615 2177 1648 α
2213 1610 2280 1654 se
2310 1593 2544 1654 borner
2567 1595 2604 1653 a
2634 1609 2776 1653 ren-

643 1699 757 1761 dre
792 1700 1191 1778 temoignage
1217 1718 1298 1762 au
1323 1700 1437 1761 fait
1461 1700 1544 1761 du
1573 1699 1765 1775 salut,
1795 1717 1875 1761 en
1904 1719 1971 1762 se
1994 1699 2264 1779 gardent
2285 1699 2565 1761 d'entrer
2582 1707 2777 1762 avant

641 1805 703 1868 le
736 1814 936 1887 temps
980 1808 1142 1868 dans
1186 1807 1249 1868 le
1299 1807 1602 1869 domnine
1636 1808 1713 1868 de
1760 1806 1824 1868 la
1872 1807 2266 1888 speculation
2301 1808 2702 1871 chretienne.
2737 1832 2763 1863 ι

643 1915 720 1976 In
772 1934 832 1976 v.
870 1914 1002 1989 111,
1043 1913 1150 1977 1-3
1195 1921 1519 1976 asseverat
1569 1913 1810 1975 Paulus
1856 1933 1923 1976 se
1958 1913 2318 1992 ita‘egisse‚
2353 1912 2772 1995 quia‘Corin—

643 2022 765 2084 thii
805 2022 1133 2085 doctrinae
1166 2022 1445 2103 impares
1476 2031 1692 2084 essent
1722 2021 2009 2097 elatiori,
2044 2025 2154 2102 qui
2187 2040 2365 2085 nunc
2400 2023 2625 2096 etiam,
2671 2022 2771 2082 in-

640 2131 782 2211 quit
809 2129 1165 2209 apostolu5‚
1203 2130 1418 2208 ignari
1457 2138 1610 2191 sunt
1639 2140 1701 2192 et
1730 2130 2041 2209 imperiti.
2078 2131 2244 2209 Ergo
2286 2131 2576 2192 noudum
2611 2139 2804 2191 tem-.

640 2257 757 2319 pus
801 2238 997 2299 instat
1048 2261 1075 2293 α
1134 2236 1416 2299 d'entrer
1463 2238 1624 2300 dans
1670 2236 1732 2299 le
1784 2238 2085 2300 domaine
2139 2239 2217 2300 de
2264 2238 2329 2299 la
2377 2236 2772 2316 speculation

638 2345 1050 2408 chretienne!
1091 2368 1120 2401 »
1150 2377 1233 2391 —
1267 2346 1404 2408 Imo
1454 2363 1637 2423 vero,
1691 2356 1947 2407 auctore
1994 2344 2182 2409 Godet
2225 2346 2315 2427 (p.
2374 2346 2547 2426 122),
2602 2345 2772 2408 nihil

639 2454 974 2532 antiquius
1006 2452 1250 2514 Paulus
1284 2453 1476 2515 habet
1505 2471 1702 2531 quam
1736 2452 1807 2514 in
1840 2453 2012 2515 istud
2048 2454 2458 2516 latifundium
2489 2453 2768 2531 ingredi,

638 2578 793 2622 nam
831 2560 1007 2622 locus
1040 2577 1177 2639 cap.
1215 2560 1336 2622 XV
1373 2560 1882 2638 eschatologicus
1917 2585 1944 2616 α
1981 2563 2341 2640 appartient
2388 2565 2423 2623 a
2466 2569 2626 2623 cette
2670 2579 2767 2623 sa-

635 2686 820 2746 gesse
848 2686 975 2748 que
1006 2668 1167 2730 Paul
1200 2686 1267 2729 se
1300 2669 1610 2730 reservait
1654 2666 1982 2748 d’exposer
2014 2685 2137 2730 aux
2185 2668 2481 2731 hommes
2510 2669 2657 2730 faits
2688 2687 2766 2730 eu

636 2774 871 2839 Christ.
916 2799 943 2831 x>
988 2776 1122 2837 Aut
1170 2791 1299 2836 non
1345 2775 1670 2854 oportebat
1713 2775 2103 2837 contendere
2148 2775 2424 2838 Paulum
2474 2794 2541 2837 se
2585 2793 2768 2836 suam

643 2907 669 2938 α
705 2881 1176 2963 philosophiam
1204 2906 1234 2938 »
1257 2882 1442 2970 modo
1471 2882 1642 2962 apud
1671 2883 1981 2960 perfectos
2014 2899 2356 2962 exponere,
2391 2877 2626 2965 quippe
2657 2884 2766 2963 qui

639 2991 820 3053 illam
850 2990 1208 3053 Corinthiis
1237 2999 1606 3071 exponeret,
1646 3000 1757 3052 aut
1787 3009 1832 3070 ‘a
1862 3008 1931 3052 se
1973 2992 2111 3070 ipso
2149 2992 2443 3053 discessit
2476 3008 2624 3053 cum
2655 2990 2766 3052 de-

639 3098 905 3159 claravit
927 3097 1293 3161 Corinthios
1316 3099 1622 3177 perfectos
1647 3116 1778 3161 non
1803 3116 1961 3160 esse.
1986 3099 2228 3179 Utique
2250 3098 2524 3160 Paulum
2548 3116 2767 3177 quem-

637 3204 783 3267 dam
824 3203 1012 3267 Godet
1037 3204 1320 3283 effingit,
1357 3222 1483 3266 non
1529 3205 1766 3283 optime
1797 3224 1962 3285 quae
1998 3206 2154 3268 dicit
2182 3206 2680 3283 intelligentem.

713 3315 790 3376 V.
827 3315 954 3387 IV,
996 3314 1064 3375 17
1099 3332 1318 3375 rursus
1363 3312 1552 3375 Godet
1578 3313 1655 3374 de
1699 3313 1870 3402 Ι-ΙΙΙ
1904 3314 2501 3400 interpretationem
2548 3314 2763 3375 redar-

633 3423 791 3501 guit.
827 3423 903 3483 Iu
943 3420 1064 3483 hoc
1096 3440 1154 3481 v,
1187 3420 1424 3481 dicitur
1453 3421 1790 3483 Timotheo
1828 3422 2205 3484 mandatum
2242 3441 2400 3498 esse,
2439 3424 2507 3483 in
2539 3422 2767 3486 Corin-

635 3530 918 3591 thiorum
980 3528 1361 3590 memoriam
1422 3529 1710 3606 redigere
1770 3529 1905 3591 vias
1965 3529 2152 3591 Pauli
2184 3579 2196 3605 ‚
2259 3547 2423 3610 quae
2486 3542 2637 3591 sunt
2695 3531 2761 3591 in

632 3636 888 3698 Christo
919 3636 958 3697 J
965 3654 1074 3696 esu
1103 3681 1119 3710 ,
1159 3634 1325 3695 sicut
1356 3635 1590 3713 ubique
1629 3636 1701 3696 in
1732 3636 1915 3697 omni
1965 3636 2247 3698 Ecclesia
2276 3636 2475 3699 docet.
2514 3637 2601 3698 Ex
2639 3654 2765 3716 quo

632 3744 967 3805 conficitur
1024 3742 1301 3804 Paulum
1360 3760 1612 3820 semper
1673 3743 1913 3822 ubique
1971 3744 2040 3803 in
2101 3744 2410 3808 omnibus
2476 3743 2762 3805 ecclesiis

632 3851 855 3914 eodem
882 3851 1071 3912 modo
1094 3850 1340 3923 docere,
1367 3851 1638 3930 ejusque
1672 3851 2135 3928 professionem
2167 3850 2464 3913 Corinthi
2495 3853 2764 3913 omnino

632 3959 832 4020 fuisse
863 3976 1078 4036 parem
1115 3958 1442 4019 doctrinae
1472 3957 1630 4019 alibi
1662 3957 1867 4019 datae.
1913 3959 2042 4019 Hoc
2084 3935 2224 4019 sine
2253 3958 2447 4019 dubio
2482 3959 2616 4034 jam
2648 3978 2759 4020 au-

631 4066 885 4128 dierant
914 4065 1261 4138 Corinthii,
1294 4067 1348 4125 si
1381 4066 1755 4126 Timotheus
1781 4066 1850 4124 in
1885 4064 2146 4126 illorum
2179 4067 2558 4126 memoriam
2594 4066 2761 4127 redi-

630 4191 780 4252 gere
834 4172 1040 4234 debet.
1099 4170 1288 4234 Godet
1328 4191 1590 4234 sensum
1636 4193 1694 4232 v.
1743 4161 1977 4232 διδαῖσκω
2020 4172 2547 4234 circumscribere
2592 4175 2764 4252 cupit

635 4303 662 4335 α
691 4280 1280 4357 al’enseignement
1303 4280 1596 4358 pratique
1621 4279 1700 4339 de
1726 4276 2009 4359 l'Apdtre
2036 4283 2303 4354 (comme
2327 4279 2370 4340 il
2398 4288 2491 4341 est
2513 4281 2765 4341 resume

632 4387 822 4451 Rom.
850 4385 1222 4467 XII-XIV),
1242 4385 1354 4447 ala
1380 4387 1550 4447 vraie
1571 4386 1871 4448 methode
1894 4386 1970 4447 de
1996 4387 2095 4448 vie
2112 4385 2511 4462 chretienne,
2535 4395 2705 4449 etc...
2732 4411 2759 4444 »
