3559 5609
841 819 904 871 το
1736 818 1868 884 vn,
1908 820 2074 873 10-17.

838 942 912 999 ut
954 936 1245 1016 plerique
1291 941 1518 1015 putant
1545 936 1908 1015 germanici
1937 936 2351 1016 interpreteS‚
2387 954 2598 1017 neque
2643 940 2968 1001 secundus

837 1043 1212 1123 favensque,
1236 1050 1308 1104 ut
1329 1044 1657 1106 contendit
1688 1042 1948 1106 Godet...
1978 1068 2006 1100 α
2035 1046 2124 1105 Le
2146 1043 2374 1106 besoin
2404 1043 2559 1105 d'un
2594 1045 2711 1105 fait
2734 1043 2973 1124 objectis

735 1210 739 1214 ,
838 1149 1180 1225 emericum
1214 1151 1532 1213 motivant
1559 1169 1691 1214 une
1723 1150 1868 1213 telle
1892 1151 2306 1226 declaration,
2336 1168 2404 1213 se
2429 1151 2546 1212 fait
2571 1152 2774 1214 sentir
2803 1176 2830 1207 »
2841 1196 2963 1215 .....

837 1255 975 1319 scil.
1026 1256 1214 1320 Godet
1249 1258 1338 1337 (p.
1382 1256 1549 1340 315).
1599 1259 1802 1321 Plane
1851 1283 1879 1314 α
1921 1256 2318 1334 subfectivum
2368 1281 2398 1313 »
2452 1259 2849 1321 desiderium
2893 1276 2967 1321 ac

836 1382 868 1425 α
898 1363 1229 1441 subjectiva
1261 1390 1288 1421 >2
1330 1366 1714 1428 necessitas!
1754 1364 2032 1427 Nullum
2063 1364 2334 1426 verbum
2365 1364 2443 1426 de
2478 1363 2798 1443 baptismo
2834 1369 2966 1426 tex-

832 1477 939 1534 tus
958 1472 1133 1534 facit.
1158 1474 1450 1537 Profecto
1480 1474 2004 1553 pedobaptismus
2035 1490 2165 1535 non
2191 1472 2593 1534 excluditur:
2629 1490 2760 1534 non
2788 1473 2966 1535 enim

830 1578 1130 1658 baptizati
1160 1588 1341 1643 erant
1378 1559 1669 1661 unquam
1711 1581 1897 1659 pueri
1929 1579 2222 1658 protinus
2253 1597 2289 1639 a
2333 1581 2541 1658 primo
2573 1580 2773 1641 natali
2817 1580 2964 1655 die;

831 1702 1084 1765 semper
1112 1693 1207 1750 est
1235 1667 1856 1767 temporis⁹spatium
1903 1687 2047 1767 plus
2077 1688 2301 1748 minus
2330 1688 2603 1765 longum
2652 1705 2761 1766 per
2793 1688 2965 1766 quod

834 1795 1038 1857 saneti
1070 1803 1222 1857 sunt
1256 1815 1634 1876 quanquam
1665 1796 1958 1859 nondum
1991 1797 2326 1874 baptizati,
2359 1795 2967 1873 argumentatioque

832 1901 1024 1963 Pauli
1077 1920 1330 1981 semper
1376 1904 1582 1978 valet,
1635 1922 1784 1966 cum
1840 1903 2205 1965 similitudo
2257 1903 2427 1965 inter
2476 1903 2758 1965 infantes
2804 1901 2960 1981 (non

835 2006 1212 2089 baptizatos)
1254 2015 1315 2071 et
1361 2012 1673 2091 conjuges
1723 2029 2005 2090 paganos
2048 2010 2204 2090 (non
2265 2009 2639 2092 baptizatos)
2696 2016 2962 2073 constet.

843 2112 1135 2177 Profecto
1191 2121 1408 2176 autem
1465 2117 1948 2196 pedobaptisma
1989 2117 2060 2178 in
2116 2117 2180 2178 h.
2238 2137 2296 2179 v.
2355 2136 2484 2180 non
2537 2118 2961 2180 continetur:

840 2245 869 2277 α
904 2222 1070 2285 Paul
1100 2230 1251 2286 veut
1278 2224 1418 2287 dire
1439 2243 1566 2305 que
1596 2226 1738 2288 leur
1770 2225 2059 2304 bapteme
2081 2242 2119 2286 a
2147 2227 2244 2287 ete
2273 2225 2333 2288 le
2358 2227 2542 2302 signe
2568 2232 2628 2287 et
2647 2224 2704 2286 la
2731 2243 2967 2303 preuve
3043 2210 3047 2213 ⁴

835 2330 916 2392 de
944 2330 1060 2391 fait
1083 2331 1163 2393 de
1189 2329 1334 2393 leur
1363 2334 1488 2395 etat
1516 2334 1593 2395 de
1624 2333 1895 2400 saintete.
1926 2357 1950 2387 ι
1987 2331 2072 2411 (p.
2106 2331 2270 2414 316).
2301 2333 2643 2394 Molestum
2676 2332 2964 2411 estquod

840 2437 1086 2498 Paulus
1114 2438 1467 2500 admodum
1500 2435 1669 2501 nihil
1698 2440 1776 2501 de
1806 2440 1940 2501 illis
1961 2440 2119 2501 dicit
2146 2458 2313 2518 quae
2338 2440 2551 2501 dicere
2579 2438 2716 2501 vult
2750 2459 2765 2500 :
2800 2456 2969 2518 quae

839 2542 1029 2606 Godet
1067 2544 1244 2606 solus
1282 2546 1460 2609 dicit.
1504 2547 1968 2609 Verumtamen
2014 2548 2302 2624 exegesis
2341 2548 2410 2606 in
2459 2547 2579 2609 hoc
2617 2565 2746 2609 non
2790 2546 2967 2624 poui-

835 2656 943 2712 tur
971 2656 1044 2712 ut
1072 2652 1272 2713 sacris
1302 2653 1631 2731 scriptoris
1660 2654 2025 2716 tribuamus
2055 2671 2221 2733 quae
2255 2654 2644 2716 laetaremur
2673 2655 2728 2716 si
2765 2654 2967 2716 dixis-

838 2762 1001 2819 sent.
1041 2756 1132 2818 Ex
1177 2757 1291 2820 illo
1333 2757 1378 2819 1.
1424 2758 1633 2838 logica
1676 2759 1935 2822 dicendi
1984 2760 2146 2822 ratio
2182 2767 2347 2823 vetat
2389 2760 2747 2840 quominus
2797 2759 2965 2820 nihil

836 2862 973 2928 sive
1028 2865 1336 2927 adversus
1392 2865 1529 2928 sive
1573 2868 1936 2928 seeundum
1983 2867 2464 2945 pedobaptisma
2511 2867 2959 2931 conficiamus.

835 2968 906 3033 Si
945 2971 1102 3049 quia
1135 2950 1433 3049 baptizati
1471 2980 1623 3035 sunt
1659 2974 1881 3051 pueri,
1915 2972 2061 3035 ideo
2098 2974 2303 3034 sancti
2336 2981 2490 3035 sunt
2532 2974 2631 3035 vel
2668 2974 2813 3036 ideo
2853 2992 2965 3053 pro

833 3077 1072 3141 sanctis
1108 3077 1330 3140 haberi
1364 3087 1666 3157 possunt,
1702 3087 1883 3142 vacat
1912 3098 2110 3142 sensu
2147 3080 2554 3143 ratiocinatio
2592 3080 2806 3142 Pauli.
2847 3082 2968 3143 Fac

829 3182 1150 3262 baptisma
1185 3185 1322 3247 sive
1356 3209 1385 3240 «
1423 3186 1713 3265 principe
1744 3210 1769 3242 n
1808 3188 1945 3248 sive
1977 3211 2008 3243 «
2041 3205 2278 3265 preuve
2302 3189 2380 3249 de
2401 3188 2523 3248 fait
2555 3212 2583 3244 »
2605 3189 2966 3250 sanctitatis

831 3305 993 3363 esse,
1027 3289 1269 3352 habent
1295 3292 1513 3353 'tamen
1545 3295 1855 3371 conjuges
1888 3294 2119 3372 pagani
2153 3311 2363 3373 neque
2391 3282 2577 3357 hoc«
2607 3295 2897 3374 principe
2932 3319 2959 3350 »

832 3412 1045 3475 neque
1076 3396 1247 3457 hanc
1295 3422 1321 3453 «
1358 3415 1596 3475 preuve
1629 3400 1707 3461 de
1751 3400 1902 3475 fait,
1951 3424 1978 3456 >³
2014 3407 2206 3479 atque
2242 3400 2560 3463 claudicat
2606 3420 2958 3479 argumen-

833 3502 986 3564 tatio
1046 3503 1378 3566 irremisse
1434 3505 1846 3568 insanabiliS.
1910 3507 2088 3568 Num
2136 3512 2350 3569 autem
2417 3508 2586 3570 dicet
2635 3509 2962 3588 quispiam

828 3609 1104 3686 liberoS‚
1146 3610 1304 3689 quia
1335 3614 1574 3688 sancti,
1619 3614 1977 3692 baptizari?
2015 3615 2153 3676 Lite
2184 3615 2361 3676 litem
2395 3615 2699 3689 resolvet,
2737 3616 2963 3693 proba-

831 3723 1102 3795 tumque
1135 3717 1333 3795 finget
1366 3720 1539 3797 quod
1583 3728 1676 3782 est
1709 3721 2325 3796 demonstrandum,
2380 3723 2518 3784 scil.
2568 3723 2776 3785 fuisse
2825 3730 2963 3784 turn

830 3823 1415 3904 pedohaptismum.
1558 3814 1564 3819 ’

910 3929 1110 3994 Doleo
1153 3931 1748 4010 interpretationem
1794 3953 1991 4014 quam
2038 3935 2227 3999 Godet
2267 3937 2366 4004 de,
2394 3957 2454 3999 v,
2504 3938 2688 3999 15-17
2738 3955 2962 4016 expro-

828 4037 948 4098 mit
993 4039 1281 4117 accipere
1328 4056 1459 4102 non
1506 4058 1714 4119 posse.
1762 4044 2275 4121 Interpretatur:
2320 4069 2346 4100 <c
2393 4045 2669 4107 Necesse
2712 4051 2807 4107 est
2852 4061 2963 4107 vos

828 4143 1189 4220 discedere,
1235 4162 1389 4206 nam
1442 4147 1617 4209 unde
1667 4148 1827 4221 sciS‚
1873 4149 2148 4225 mulier,
2192 4151 2248 4211 si
2302 4152 2515 4212 virum
2564 4151 2818 4212 salvum
2861 4151 2961 4212 fa-

830 4250 961 4312 cies
982 4251 1085 4313 ?...
1138 4275 1167 4307 »
1214 4252 1486 4329 Affingit
1524 4253 1730 4315 Paulo
1767 4253 1957 4315 Godet
1985 4256 2550 4319 ratiocinationem
2590 4257 2823 4319 exilem
2861 4261 2960 4316 at-

830 4373 957 4436 que
998 4358 1076 4417 ad
1116 4359 1521 4436 probandum
1572 4359 1925 4422 infirmam.
1975 4362 2120 4424 Non
2171 4364 2350 4425 valde
2394 4364 2516 4431 hoc
2559 4359 2697 4426 loeo
2745 4366 2959 4440 urgeri
