3559 5609
1627 870 1702 922 IX
1719 910 1731 931 ,
1768 871 1847 923 23.
2714 870 2797 921 101

670 987 1117 1068 Infrequentia
1154 988 1326 1050 verb.
1363 987 1455 1071 (1)
1481 988 1799 1070 γένωνται
1830 989 2013 1066 origo
2048 988 2244 1051 fuerit
2287 987 2582 1051 mendae.
2622 986 2801 1049 Cete-

669 1112 818 1156 rum
839 1113 899 1158 ν.
920 1094 1157 1176 γένωμαι
1179 1113 1253 1157 ac
1271 1098 1523 1177 γένωνται
1544 1096 1613 1157 in
1639 1095 1883 1158 unciali
1907 1095 2222 1174 scriptura
2248 1094 2602 1175 persimilia
2628 1101 2799 1155 sunt.

672 1201 759 1262 Ex
798 1199 913 1262 illa
954 1201 1192 1264 menda
1239 1211 1376 1264 orta
1419 1211 1514 1265 est
1556 1205 1829 1267 mutatio
1870 1201 2198 1263 συνκοινωνοί
2229 1203 2299 1264 in
2336 1199 2694 1268 συνκοινωνός.
2727 1234 2806 1244 —-

669 1308 894 1371 Nihilo
935 1309 1159 1371 minus
1204 1317 1417 1374 tamen
1465 1310 2029 1390 transpositionem
2074 1310 2360 1389 suspicor
2394 1309 2463 1369 in
2502 1328 2560 1369 v.
2607 1309 2708 1383 18,
2745 1315 2809 1370 et

668 1416 877 1478 scribo
911 1441 923 1476 :
955 1415 1034 1484 τίς
1062 1408 1151 1477 οῧν
1175 1451 1254 1463 ·—-
1281 1423 1309 1477 ὁ
1340 1416 1558 1498 μισθός,
1590 1421 1645 1478 εἰ
1676 1416 1760 1499 μὴ
1794 1419 1865 1478 τὸ
1898 1415 1973 1497 μὴ
2006 1441 2235 1500 καταχρ.
2270 1450 2347 1463 --
2370 1420 2448 1499 τῷ
2478 1416 2692 1497 εὐαγγ.,
2721 1416 2805 1476 ἵνα

663 1522 848 1604 ιὺαγγ.
882 1557 961 1569 -
989 1522 1050 1583 τὸ
1078 1524 1264 1604 εὐαγγ.
1301 1524 1488 1587 Solus
1520 1523 1631 1586 ille
1659 1525 1817 1589 ordo
1852 1523 2208 1604 probabilis
2245 1530 2358 1586 est.
2393 1522 2577 1599 Quod
2621 1540 2805 1585 voces

662 1628 740 1711 μή
773 1655 1002 1714 καταχρ.
1034 1630 1329 1693 indicant
1362 1632 1847 1713 continentque,
1874 1631 2078 1694 tendit
2104 1630 2186 1692 ad
2214 1654 2239 1688 (ι
2278 1628 2542 1692 ἀδάπανον
2573 1630 2743 1704 θήσω.
2770 1653 2798 1685 ν»

663 1738 1000 1801 Praeterea
1028 1738 1379 1800 durissima
1410 1749 1507 1801 est
1530 1740 1873 1804 verborum
1903 1739 2278 1820 compositio
2305 1738 2383 1806 τίς
2414 1730 2504 1798 οῧν
2533 1762 2634 1818 μου
2663 1738 2803 1799 ἐστὶν

653 1850 683 1906 ὁ
712 1843 937 1926 μισθός;
966 1845 1051 1906 ἵνα
1082 1846 1271 1927 εὐαγγ.
1312 1865 1326 1909 :
1363 1865 1556 1928 quam
1593 1847 2049 1927 proponimus,
2085 1865 2157 1909 ea
2200 1845 2404 1909 multo
2450 1845 2803 1924 simplicior

651 1952 1182 2033 commodiorque
1214 1955 1490 2018 videtur.
2452 2022 2457 2025 Α

731 2060 873 2122 Imo
913 2059 1144 2122 vitabis
1186 2059 1301 2124 illo
1336 2060 1526 2124 modo
1561 2063 1776 2142 Meyer
1815 2061 2438 2142 interpretationem.
2476 2061 2566 2124 Ut
2599 2061 2673 2123 T.
2716 2061 2791 2123 R.

651 2184 718 2227 se
749 2165 962 2241 habet,
992 2166 1202 2230 invito
1228 2166 1436 2242 Godet,
1463 2176 1630 2230 recte
1661 2169 1873 2248 Meyer
1903 2168 2237 2231 contendit
2267 2176 2408 2248 post
2436 2170 2793 2246 interroga-

651 2272 891 2336 tionem
933 2273 1021 2354 (v.
1075 2275 1169 2355 18)
1218 2274 1383 2336 illud
1432 2275 1643 2338 solum
1693 2292 2075 2353 responsum
2125 2276 2541 2338 subauditum
2588 2293 2730 2337 esse
2777 2294 2791 2336 t

650 2404 676 2434 α
722 2380 905 2443 nulla
935 2390 1029 2444 est
1056 2382 1176 2463 (sc.
1209 2381 1521 2464 merces);
1555 2381 1815 2444 nullum
1846 2382 2211 2461 praemium
2240 2382 2504 2461 accipio.
2549 2405 2576 2438 ι)
2609 2382 2793 2456 Quod

541 2504 552 2509 ·
645 2489 1006 2551 necessario
1054 2488 1237 2550 illam
1290 2489 1889 2569 interpretationem
1940 2489 2358 2569 consequitur
2409 2508 2605 2568 quam
2655 2489 2791 2568 ipse

642 2596 831 2660 Godet
855 2595 934 2658 de
978 2597 1279 2677 οἰκονομίαν
1312 2597 1667 2675 πεπίστευμαι
1706 2597 2022 2676 proponit.
2059 2597 2138 2657 In
2176 2605 2343 2658 textu
2387 2606 2641 2671 nostro,
2675 2596 2788 2657 illa

641 2705 712 2766 fit
758 2705 1085 2785 responsio
1138 2723 1151 2765 :
1199 2728 1230 2761 «
1281 2704 1616 2779 Quaenam
1662 2713 1758 2765 est
1798 2721 2042 2766 merces
2075 2721 2249 2780 mea,
2297 2704 2502 2768 nisi...
2551 2727 2608 2780 »,
2642 2703 2782 2766 scil.

642 2835 670 2869 ιι
707 2812 959 2875 nullam
989 2814 1194 2876 habeo
1225 2811 1589 2874 mercedem
1610 2859 1624 2886 ‚
1658 2810 1865 2873 nisi...
1909 2837 1933 2863 ι

718 2920 944 3000 Itaque
987 2920 1057 2980 in
1101 2920 1223 2981 hoc
1260 2937 1396 2998 cap.
1435 2919 1538 2981 IX
1570 2920 1702 2980 flue
1740 2917 1981 2980 Paulus
2025 2923 2312 2979 sanctam
2357 2918 2785 2980 ambitionem

637 3027 986 3107 eloquitur,
1013 3045 1178 3107 quae
1210 3045 1465 3106 prorsus
1497 3025 1849 3088 tolerabilis
1879 3035 1997 3102 est,
2032 3044 2183 3086 nam
2217 3024 2385 3086 nihil
2417 3025 2643 3086 ceteris
2676 3025 2780 3085 ho·

634 3133 925 3195 minibus
968 3133 1175 3213 eripit.
1210 3132 1401 3195 Godet
1433 3132 1592 3194 vidit
1626 3132 1696 3192 iu
1737 3125 1810 3200 εἷς
1837 3132 1926 3212 (ν.
1968 3131 2068 3212 24)
2106 3148 2236 3193 non
2277 3132 2561 3192 nimium
2601 3149 2777 3194 com·

636 3240 1023 3302 morandum
1068 3257 1227 3301 esse.
1265 3241 1361 3300 Ac
1400 3239 1563 3318 plur.
1598 3239 1939 3312 καταλάὸητε
1978 3239 2257 3300 ostendit
2296 3258 2522 3300 omues
2569 3240 2775 3301 chris-

638 3349 841 3410 tianos
890 3346 1314 3427 amplissimis
1366 3346 1584 3408 ornari
1641 3345 1952 3424 praemiis
2005 3363 2209 3424 posse.
2264 3345 2351 3406 At
2401 3364 2567 3426 quae
2624 3356 2780 3408 sunt

636 3454 961 3518 mercedes
1007 3454 1203 3516 illae?
1244 3454 1325 3514 In
1382 3471 1519 3532 cap.
1572 3452 1673 3514 ΠΙ
1728 3451 2055 3535 indicatur
2105 3451 2251 3513 illas
2303 3454 2376 3513 iu
2436 3453 2643 3516 salute
2703 3474 2777 3518 ac

635 3561 1141 3624 sanctificatione
1174 3560 1443 3622 fratrum
1480 3561 1661 3640 poni.

717 3671 954 3731 Sensus
991 3683 1129 3731 voc.
1166 3665 1418 3747 ἀδόκιμος
1448 3669 1531 3746 (ν.
1570 3666 1665 3740 27)
1702 3658 1983 3727 (ῙιοίίῐιίνίΔ
2010 3672 2210 3745 potest
2249 3665 2572 3729 similibus
2617 3668 2774 3730 locis

625 3766 882 3839 'collatis
932 3776 968 3836 2
1008 3776 1176 3847 Cor„
1215 3775 1316 3850 X,
1352 3793 1424 3836 ac
1478 3774 1815 3852 praecipue
1858 3773 1922 3834 X
1946 3773 2185 3847 ,.17·18
2226 3792 2238 3835 ε
2277 3780 2305 3834 ὁ
2345 3772 2400 3834 δὲ
2432 3774 2773 3856 καυχώμενος

634 3890 685 3947 ἐν
714 3886 873 3969 κυρίῳ
903 3883 1188 3964 καυχάσθω
1226 3905 1241 3921 ·
1274 3885 1334 3942 οὗ
1361 3881 1461 3964 γὰρ
1491 3888 1520 3942 ὃ
1549 3880 1733 3941 ἑαυτὸν
1764 3880 2106 3956 συνιστάνων,
2131 3879 2328 3949 ἐκεῖνός
2360 3884 2501 3942 ἐστιν
2532 3882 2767 3962 δόκιμος,

634 3991 737 4053 ἄλλ
765 3994 778 4019 ’
810 3990 866 4051 ὃν
899 3996 927 4050 ὁ
959 3988 1129 4072 κύριος
1164 3988 1479 4062 συνίστησιν.
1515 3992 1797 4068 Apparet
1825 3986 2039 4068 δόκιμος
2079 3999 2248 4050 arcto
2291 4008 2441 4051 cum
2471 3997 2770 4072 καυχᾶσθαι

632 4099 723 4180 (et
766 4096 1067 4177 συνίστημι)
1115 4095 1431 4173 colligari.
1486 4096 1574 4157 Ex
1630 4113 1756 4174 quo
1805 4094 2197 4171 intelligitur
2243 4096 2308 4156 iu
2368 4097 2383 4156 1
2439 4098 2611 4172 Cor.‚
2670 4097 2768 4162 IX

525 4284 532 4289 ἡ
631 4206 1160 4287 conjungendum
1189 4220 1445 4283 quoque
1473 4210 1642 4265 arcte
1673 4201 1923 4281 ἀδόκιμος
1949 4220 2098 4264 curn
2130 4207 2206 4285 τῷ
2237 4204 2566 4285 καυχήματι.
2601 4207 2767 4269 Cum

693 4447 760 4512 (1)
791 4447 956 4507 Quod
986 4462 1038 4497 v.
1070 4450 1254 4495 tamen
1284 4446 1342 4494 in
1373 4446 1533 4509 epist.
1563 4448 1735 4494 nostr.
1770 4445 2014 4494 occurrit
2047 4458 2058 4492 :
2094 4443 2187 4505 XI,
2224 4443 2297 4494 19.
