3559 5609
1546 902 1655 962 vl,
1692 900 1800 953 2—4.
2690 902 2742 951 51

610 1018 916 1098 judicatis
939 1018 1044 1097 (=
1056 1017 1459 1099 judicabitis)
1481 1016 1600 1086 τοὺς
1634 1017 1779 1089 iem?
1809 1041 1835 1073 ι
1863 1053 1940 1063 -
1970 1017 2268 1097 Denique
2294 1017 2363 1078 in
2385 1018 2456 1079 Τ.
2489 1020 2566 1081 R.
2597 1036 2748 1097 pug-

619 1133 777 1187 nant
803 1125 977 1186 inter
1001 1142 1068 1187 se
1109 1123 1208 1187 13·
1239 1133 1301 1185 et
1329 1124 1420 1186 VI
1449 1172 1462 1199 ‚
1499 1124 1610 1188 2-3
1637 1173 1651 1201 ,
1686 1158 1763 1171 -
1794 1125 2061 1187 fortasse
2085 1142 2198 1204 per
2226 1126 2504 1204 speciem
2537 1125 2748 1201 modo,

615 1230 786 1293 dicat
818 1231 1137 1311 quispiam
1161 1277 1180 1307 ,
1221 1231 1334 1293 sed
1375 1239 1512 1293 tum
1545 1230 1738 1293 etiam
1774 1229 2193 1293 contradictio
2215 1232 2605 1314 neu—tiquam
2637 1232 2751 1294 ad-

616 1338 928 1400 mittenda
969 1362 981 1400 :
1016 1342 1086 1400 in
1132 1356 1264 1401 uno
1293 1339 1430 1402 loco
1451 1385 1471 1417 ,
1504 1339 1683 1402 Deus
1725 1340 2050 1402 mundum
2081 1340 2369 1420 judicat,
2403 1341 2474 1403 in
2506 1360 2568 1404 v.
2616 1358 2751 1421 seq.

613 1454 831 1509 autem
870 1446 1164 1526 judicant
1195 1447 1574 1509 Christiani.
1625 1448 1805 1522 Quae
1843 1447 2014 1510 iuter
2056 1451 2209 1528 ὑμεῖς
2241 1447 2327 1531 (v.
2372 1449 2466 1520 12)
2517 1456 2577 1510 et
2614 1446 2756 1517 Θεός

614 1554 707 1636 (v.
746 1555 846 1635 13)
872 1555 1184 1636 oppositio
1218 1564 1498 1633 constat,
1525 1558 1672 1635 jure
1701 1556 2139 1618 demonstrata
2168 1557 2291 1619 suit
2319 1575 2357 1618 a
2388 1556 2599 1633 Getice,
2633 1575 2748 1619 au-

616 1671 724 1741 get
760 1679 909 1725 vero
939 1655 1539 1725 contradictionem.
1570 1662 2004 1736 Quamobrem
2040 1671 2238 1740 verte,
2273 1664 2483 1726 verbis
2514 1671 2585 1725 ut
2613 1663 2751 1725 dixi

621 1771 1019 1850 transpositis
1065 1789 1078 1832 :
1123 1794 1151 1827 α
1188 1770 1309 1833 Sed
1347 1769 1469 1839 τοὺς
1503 1770 1610 1833 ἔσω
1641 1775 1819 1834 Ι)6υ3
1843 1771 2179 1852 judicabit.
2230 1794 2257 1827 n
2293 1772 2628 1846 Quaenam
2661 1779 2756 1834 est

615 1880 986 1941 conclusio?
1016 1902 1045 1935 «
1088 1879 1230 1940 Nisi
1265 1897 1303 1940 a
1351 1879 1490 1941 Deo
1522 1879 1805 1959 judicari
1840 1878 2053 1942 velitis
2086 1879 2207 1958 (XI
2237 1925 2253 1955 ,
2290 1879 2395 1960 31)
2422 1925 2439 1956 ,
2469 1880 2756 1961 judicate

617 1993 864 2049 vosmet
891 1987 1096 2067 ipsos,
1127 1987 1374 2049 auferte
1407 1985 1653 2051 malum
1686 2005 1720 2049 6
1757 1988 1936 2051 vobis
1970 1986 2155 2068 ipsis.
2191 2011 2221 2044 »

1539 2242 1664 2318 vl,
1712 2242 1837 2303 2-4.

698 2499 1035 2575 Quomodo
1094 2495 1398 2560 vertenda
1459 2516 1577 2561 vox
1626 2498 1926 2582 κριτήριονῗ
1968 2498 2056 2560 Ni
2104 2498 2324 2576 fallor,
2369 2500 2543 2561 idem
2589 2499 2754 2562 valet

617 2615 809 2688 atque
831 2606 1133 2688 judicum
1165 2605 1516 2684 collegium
1537 2604 1653 2687 (1),
1673 2606 1843 2667 sicut
1865 2606 1927 2665 τὸ
1947 2605 2310 2689 πρεσὸυτέριον
2331 2605 2385 2687 (1
2414 2605 2609 2680 Tim„
2635 2607 2750 2682 IV,

625 2715 722 2798 14)
743 2714 1092 2794 collegium
1123 2720 1218 2776 est
1245 2714 1794 2794 presbyterorum.
1822 2715 2006 2777 Vers.
2036 2713 2099 2776 2¹³
2129 2716 2301 2777 idem
2328 2715 2461 2778 fere
2483 2716 2650 2778 valet
2668 2722 2756 2777 at-

618 2841 744 2902 que
773 2821 972 2894 ἀνάξιοί
1005 2824 1124 2883 ἐστε
1153 2813 1282 2882 εἶναι
1312 2820 1549 2904 κριτήρια
1580 2822 1835 2903 ἐλάχιστα
1860 2848 1877 2898 ;
1911 2822 2257 2901 indignine
2285 2823 2439 2885 estis
2471 2824 2590 2903 qui
2623 2824 2755 2887 col-

618 2929 790 3006 legia
818 2929 960 2992 sitis
983 2929 1285 3009 judicum
1305 2977 1319 3004 ‚
1352 2946 1390 2989 a
1419 2928 1663 3008 quibus
1684 2930 2068 3009 judicentur
2097 2930 2377 2992 minima
2408 2929 2537 3012 (2)?
2566 2931 2752 2995 Cete-

625 3052 803 3109 rum,
838 3036 894 3096 si
925 3035 1196 3097 verbum
1225 3035 1305 3097 de
1334 3053 1463 3113 quo
1492 3035 1739 3114 agitur,
1773 3035 2050 3098 tribunal
2094 3037 2308 3100 solum
2354 3038 2753 3117 designaret,

626 3143 693 3203 id
723 3150 846 3219 est,
864 3142 1151 3222 judicum
1180 3141 1383 3206 sedem
1412 3151 1523 3205 aut
1553 3143 1751 3207 locum
1780 3145 1888 3207 ubi
1928 3143 2225 3225 judicium
2256 3144 2541 3223 habetur,
2576 3146 2755 3207 nihi-

683 3383 750 3448 (1)
789 3383 974 3434 Verbo
1012 3386 1328 3452 δικαστήριον
1369 3386 1519 3449 quod
1557 3390 1838 3447 Chrysost.
1882 3393 2144 3451 tanquam
2171 3403 2224 3439 v.
2265 3390 2515 3455 κριτήριον
2547 3402 2755 3452 cogno—

620 3474 890 3523 minatum
918 3478 1167 3537 usurpat,
1200 3475 1323 3524 talis
1360 3479 1445 3525 est
1471 3489 1687 3525 sensus.
1725 3474 1909 3540 Super
1931 3476 2058 3543 κρίτ.
2085 3477 2248 3526 lexic.
2282 3480 2555 3538 Stephani
2587 3491 2754 3528 enun-

620 3564 722 3622 tiat
751 3563 889 3613 illud
917 3565 1251 3614 vocabulum
1279 3580 1303 3611 α
1335 3564 1403 3614 de
1428 3565 1712 3628 judicibus
1743 3566 1881 3629 ipsis
1913 3582 1938 3614 »
1972 3565 2239 3628 adhiberi,
2273 3567 2515 3630 citatque
2545 3570 2753 3629 Polyb„

621 3653 723 3714 IX,
757 3654 833 3713 33,
871 3654 927 3704 12
958 3669 968 3703 :
1005 3671 1028 3700 «
1067 3657 1161 3719 οὐχ
1194 3656 1342 3726 αὑῠτὸν
1388 3655 1646 3712 ἀποδείξας
1682 3658 1853 3720 κριτὴν
1893 3657 2015 3722 ὑπὲρ
2049 3662 2148 3706 τῶν
2186 3656 2588 3721 ἀντιλεγομένων,
2633 3655 2756 3706 ἀλλὰ

618 3745 782 3793 κοινὸν
812 3745 869 3793 ἐκ
895 3745 1092 3794 πάντων
1120 3750 1220 3795 τῶν
1262 3742 1505 3806 Ἑλλήνων
1534 3746 1740 3803 καθίσας
1761 3747 2029 3812 κριτήριον.
2067 3763 2091 3793 »

686 3830 750 3893 (2)
775 3835 944 3881 Godet
966 3834 1129 3896 hujus
1152 3849 1205 3883 ν.
1235 3847 1460 3883 sensum
1482 3835 1688 3898 optime
1717 3834 1859 3885 vidit
1887 3835 1933 3895 («
1966 3834 2122 3884 Vous
2154 3836 2248 3897 qui
2269 3836 2431 3897 jugez
2461 3835 2513 3883 le
2533 3834 2752 3896 monde,

625 3934 762 3970 vous
799 3935 867 3970 ne
905 3923 1078 3972 seriez
1113 3937 1212 3987 pas
1243 3923 1438 3986 dignes
1478 3923 1547 3972 de
1573 3925 1735 3986 juger
1759 3925 1840 3973 les
1873 3923 2070 3973 choses
2100 3925 2182 3973 les
2213 3922 2494 3972 moindres
2515 3921 2539 3970 Ῥ
2568 3922 2613 3986 n)
2644 3922 2756 3973 Sed

623 4010 952 4076 significatio
984 4028 1147 4076 quam
1175 4029 1227 4064 v.
1272 4016 1524 4079 κριτήριον
1569 4014 1765 4062 tribuit
1796 4013 1841 4077 («
1873 4017 2134 4063 sentence
2172 4012 2385 4062 rendue
2416 4013 2464 4075 n)
2489 4014 2755 4077 exemplis

619 4102 784 4152 nullis
830 4103 1151 4152 confirmata
1192 4109 1307 4163 est;
1351 4109 1639 4167 praeterea
1682 4103 1822 4152 illud
1860 4102 2199 4153 incommodi
2240 4104 2406 4152 habet
2448 4106 2511 4151 ut
2548 4103 2609 4151 in
2645 4117 2699 4156 V.
2730 4102 2758 4151 4

621 4191 908 4255 importari
940 4199 1195 4257 nequeat.
1240 4193 1490 4256 Namque
1522 4206 1716 4242 revera
1750 4193 1810 4240 in
1849 4193 1901 4242 h.
1936 4207 1988 4242 v.
2029 4196 2200 4242 Godet
2230 4193 2398 4242 vertit
2439 4207 2462 4238 α
2500 4196 2701 4252 proces
2732 4210 2756 4238 »

621 4279 748 4342 (alia
776 4296 952 4344 aeque
978 4283 1334 4345 suspicienda
1369 4283 1739 4345 significatio).
1780 4281 1892 4331 Sed
1925 4282 2102 4345 accipi
2141 4295 2255 4331 non
2289 4285 2489 4345 potest,
2523 4286 2583 4331 ut
2613 4282 2758 4331 idem

618 4374 851 4421 verbum
883 4377 992 4420 tam
1023 4372 1227 4435 exiguo
1254 4373 1558 4426 ,intervallo
1598 4372 1896 4434 repetitum
1941 4371 2078 4420 duas
2111 4372 2293 4420 varias
2327 4371 2760 4434 significationes

624 4461 840 4511 habeat.
