3559 5609
863 818 924 868 68
1759 820 1864 870 VII
1880 859 1891 880 ,
1931 819 2098 871 10-17.

861 955 992 999 non
1039 938 1313 1021 τὸχωριζ.
1353 944 1445 1011 τῆς
1491 936 1733 997 ἀπίστου.
1779 941 1850 998 Οἵ
1891 944 2115 997 τοιοῦτοι
2163 956 2222 1000 V.
2269 938 2344 998 15
2397 936 2569 998 nihil
2616 936 2800 999 aliud
2837 942 2993 998 sunt

859 1063 1056 1123 quam
1086 1050 1115 1105 ὁ
1147 1043 1275 1127 ἀνὴρ
1303 1051 1332 1105 ὁ
1362 1045 1580 1113 ἄπιστος
1609 1046 1696 1125 (V.
1739 1045 1825 1120 14)
1858 1045 1950 1105 καὶ
1981 1052 2014 1118 ἡ
2043 1043 2172 1125 γυνὴ
2198 1051 2233 1118 ἡ
2266 1045 2510 1112 ἄπιστος.

941 1151 1258 1215 Convenit
1289 1153 1359 1213 in
1410 1172 1468 1212 v.
1512 1152 1581 1212 14
1617 1152 2004 1214 commorari
2038 1151 2406 1230 paululum.
2456 1154 2735 1213 Auctore
2771 1148 2989 1226 Godet,

859 1276 1047 1322 voces
1085 1258 1241 1319 τέκνα
1286 1263 1435 1338 ὑμῶν
1476 1259 1715 1323 liberos
1755 1260 2056 1322 omnium
2101 1258 2611 1321 christianorum
2655 1265 2990 1336 parentum

860 1366 1224 1442 designant.
1275 1365 1593 1428 Existimo
1631 1372 1855 1428 contra
1900 1365 2020 1446 (sic
2065 1364 2406 1445 chrysost„
2464 1362 2664 1439 Flatt,
2719 1364 2985 1437 Bonna,

859 1472 1174 1555 L'Hardy)
1201 1474 1280 1535 de
1310 1474 1536 1536 liberis
1574 1474 1679 1551 agi
1714 1474 1903 1536 modo
1934 1490 2008 1535 ex
2043 1473 2392 1534 connubiis
2427 1473 2789 1551 imparibus
2823 1472 2991 1534 natis

858 1581 939 1642 Τὸ
967 1586 1117 1661 ὑμῶν
1146 1581 1294 1643 illos
1325 1582 1495 1644 solos
1526 1583 1869 1659 designare
1899 1589 2100 1661 potest
2126 1582 2206 1644 de
2233 1582 2477 1661 quihus
2506 1598 2544 1642 a
2572 1600 2633 1642 v,
2675 1582 2744 1642 12
2779 1595 2989 1643 sermo

857 1696 954 1751 est
979 1737 993 1764 ,
1027 1688 1171 1764 scil2
1205 1688 1489 1767 legentes
1517 1689 1631 1768 qui
1669 1706 1819 1750 cum
1855 1691 2122 1767 paganis
2154 1689 2534 1770 (judaeisve)
2573 1689 2989 1751 matrimonio

857 1797 1188 1876 conjuncti
1224 1803 1378 1859 sunt
1428 1795 1537 1878 (1).
1576 1796 1731 1858 Illos
1766 1796 2104 1875 compellat
2138 1796 2424 1872 Paulus,
2462 1796 2597 1858 illis
2639 1814 2759 1859 sua
2800 1813 2986 1857 man-

858 1904 1004 1965 data
1031 1904 1331 1966 destinat.
1366 1902 1501 1966 Cur
1516 1909 1732 1965 autem
1764 1904 1845 1965 ad
1866 1902 2257 1966 christianos
2282 1921 2430 1965 cum
2453 1902 2829 1965 christianis
2857 1920 2989 1964 ma—

859 2010 1168 2075 trimonio
1198 2012 1578 2092 conjunctos
1609 2029 1677 2074 se
1712 2018 1981 2075 verteret
2009 2011 2144 2074 illis
2185 2011 2481 2074 dicturus
2516 2036 2529 2072 ε
2563 2011 2756 2074 vestri
2797 2009 2987 2071 liberi
3037 2056 3048 2066 .

859 2118 1067 2180 sancti
1099 2119 1292 2180 sunt?
1320 2117 1540 2182 Sancti
1567 2126 1741 2192 sunt,
1777 2137 2006 2198 ergo...
2035 2119 2196 2199 quid
2229 2120 2424 2197 ergo?
2458 2119 2611 2182 Illos
2645 2136 2778 2183 non
2808 2135 2985 2197 mag·-

858 2242 1094 2306 nopere
1123 2227 1453 2289 connubia
1482 2228 1760 2307 imparia
1791 2232 2087 2302 movent,
2121 2226 2359 2306 quippe
2387 2227 2503 2306 qui
2534 2226 2800 2306 paribus
2828 2242 2984 2288 con-

855 2337 1082 2400 nubiis
1112 2337 1444 2399 fruantur!
1468 2370 1565 2422 ξ--
1591 2336 1892 2400 Ceterum
1928 2336 2070 2398 voci
2098 2339 2235 2414 ὑμᾶς
2266 2335 2335 2396 in
2365 2353 2426 2394 v.
2466 2335 2568 2411 15,
2604 2335 2830 2397 eadem
2859 2335 2979 2412 vis,

859 2451 929 2506 ut
970 2445 1305 2507 ostendam
1329 2492 1343 2519 ,
1376 2445 1665 2525 subjecta
1708 2449 1805 2506 est
1837 2450 2029 2522 atque
2072 2461 2132 2504 v.
2174 2446 2343 2523 ὑμῶν.
2395 2441 2585 2505 Godet
2609 2443 2874 2521 quidem
2908 2442 2980 2502 in

856 2551 923 2612 h.
955 2551 1000 2612 1.
1037 2550 1379 2614 lectionem
1408 2556 1550 2630 ἡμᾶς
1582 2550 1873 2629 praefert.
1918 2550 2106 2624 Quod
2148 2556 2364 2612 autem
2401 2549 2585 2613 nullo
2614 2551 2806 2612 modo
2836 2550 2975 2612 cod.

855 2659 1218 2739 imponitur
1236 2657 1572 2739 (Gebhardt
1595 2662 1732 2739 ὑμᾶς
1757 2656 1961 2739 legit),
1990 2664 2204 2721 ortum
2230 2664 2325 2721 est
2344 2663 2585 2735 autom,
2609 2665 2681 2719 ut
2703 2675 2850 2721 mox
2876 2675 2980 2720 ex—

854 2765 1158 2840 hibeam,
1193 2782 1266 2827 ex
1297 2782 1493 2844 prava
1526 2784 1586 2826 ν.
1628 2766 1806 2826 15-17
1839 2765 2384 2844 interpretatione.
2421 2801 2499 2811 —
2527 2765 2767 2845 Objicit
2797 2763 2984 2827 Godet

831 2871 1149 2951 opinioni
1177 2888 1376 2951 quam
1402 2871 1674 2933 defendo
1701 2889 1715 2932 :
1754 2894 1784 2927 α
1821 2872 2235 2949 L’argument
2255 2871 2443 2934 ent-il
2471 2872 2568 2933 ete
2593 2870 2975 2933 concinant?

848 2981 998 3044 Une
1041 2980 1215 3041 mere
1247 2979 1362 3059 qui
1397 2979 1611 3040 aurait
1638 2978 1834 3040 doute
1862 2978 1941 3040 de
1975 2977 2037 3039 la
2064 2979 2507 3041 consecration
2548 2979 2627 3040 de
2660 2995 2776 3041 son
2810 2978 2976 3048 mari

846 3105 961 3166 par
995 3086 1053 3149 le
1085 3102 1323 3166 moyen
1353 3085 1432 3147 de
1454 3103 1523 3147 sa
1553 3102 1780 3164 propre
1811 3085 1925 3160 foi,
1959 3084 2217 3147 eut-elle
2240 3085 2452 3146 admis
2472 3085 2806 3163 beaucoup
2829 3085 2975 3163 plus

846 3194 1163 3256 aisement
1191 3193 1364 3254 l’etat
1392 3193 1471 3254 de
1499 3192 1943 3254 consecration
1973 3191 2053 3253 de
2085 3209 2186 3254 ses
2216 3192 2471 3254 enfants
2500 3208 2585 3253 au
2615 3208 2852 3271 moyen
2882 3191 2973 3253 du

840 3301 1160 3362 maintien
1192 3300 1270 3361 de
1294 3306 1453 3361 cette
1481 3299 1586 3361 vie
1610 3298 1972 3379 conjugale,
2005 3298 2084 3360 de
2103 3298 2166 3360 la
2195 3299 2416 3377 purete
2440 3299 2520 3361 de
2548 3298 2826 3378 laquelle
2852 3296 2972 3360 elle

845 3425 913 3470 se
939 3407 1232 3469 mefiait?
1265 3430 1294 3463 ³>
1318 3406 1530 3469 Facile
1555 3406 1919 3486 intelligere
1945 3415 2121 3486 potes
2142 3406 2324 3468 illam
2342 3408 2972 3485 argumentationem

842 3515 1002 3577 dum
1031 3515 1342 3577 adversus
1370 3531 1475 3575 me
1496 3531 1626 3578 non
1657 3514 1886 3590 valeat,
1921 3515 2280 3593 plurimum
2299 3521 2521 3577 contra
2549 3515 2620 3576 in
2654 3513 2843 3577 Godet
2868 3532 2969 3576 va-

840 3620 992 3684 lere.
1035 3622 1362 3683 Adversus
1391 3639 1527 3697 me,
1570 3623 1880 3701 inquam,
1913 3640 2041 3683 non
2074 3623 2260 3684 valet.
2296 3622 2553 3683 Etenim
2584 3622 2969 3700 neutiquam

838 3729 1054 3807 agitur
1086 3723 1164 3791 de
1213 3753 1241 3784 α
1278 3728 1449 3791 l'etat
1486 3729 1567 3791 de
1599 3729 2043 3792 consecration
2074 3730 2186 3792 des
2225 3729 2481 3791 enfants
2518 3748 2602 3790 au
2638 3747 2856 3811 moyen
2884 3728 2970 3791 du

836 3942 1001 4006 ἄνδρι,
1035 3944 1085 3992 ἐν
1128 3948 1188 4007 τῇ
1217 3943 1429 4007 γυναικί)
1464 3956 1745 4007 opponere
1774 3958 1827 3994 v.
1872 3943 2103 4007 ἡγίασται
2132 3945 2182 3996 ἐν
2213 3949 2271 4009 τῇ
2298 3944 2517 4009 γυναικί,
2547 3945 2781 4008 ἡγίασται
2810 3946 2860 3993 ἐν
2889 3945 2958 4007 τῷ

834 4032 1027 4096 ἀδελφῷ
1056 4034 1250 4094 atque,
1283 4032 1414 4080 dum
1443 4033 1712 4082 scriberet
1740 4033 1932 4083 δεδούλ.
1961 4035 2012 4082 ἐν
2039 4038 2142 4090 τοῖς
2166 4035 2350 4084 τοιούτ.
2377 4036 2488 4097 jam
2515 4034 2583 4082 de
2613 4035 2782 4089 δοῦλος
2808 4033 2963 4096 Χρισ-

833 4126 949 4180 τοῦ,
983 4120 1050 4169 de
1085 4123 1149 4184 μὴ
1176 4121 1365 4184 γίνεσθε
1392 4122 1558 4190 δοῦλοι
1587 4123 1853 4185 ἀνθρώπων
1885 4120 1955 4184 (v.
1987 4120 2160 4184 22-23)
2190 4121 2503 4185 cogitasse?

898 4207 961 4270 (1)
995 4209 1156 4267 Quod
1198 4211 1370 4273 magis
1416 4211 1581 4259 etiam
1623 4210 2001 4259 necessarium
2039 4214 2122 4259 est
2162 4214 2330 4260 Godet
2370 4212 2560 4270 fateri,
2596 4211 2689 4274 qui
2719 4210 2872 4260 videt
2903 4210 2961 4258 in

829 4302 933 4354 τοῖς
965 4301 1178 4358 λοιποῖς,
1217 4315 1270 4349 v.
1318 4297 1400 4361 12,
1448 4300 1778 4347 christianos
1818 4300 1906 4348 vel
1931 4300 2275 4349 .christianas
2325 4301 2618 4350 connubiis
2658 4300 2960 4363 imparibus

833 4387 1070 4437 utentes,
