3559 5609
1609 836 1743 899 vn,
1777 835 1949 887 25-38.
2445 870 2451 875 .
2786 836 2845 885 85

707 957 888 1028 ante,
945 953 1135 1016 modo
1179 958 1321 1031 post
1371 951 1432 1012 τὸ
1476 950 1682 1033 λοιπόν)
1735 953 2170 1031 scriptamque
2222 952 2336 1012 ἐστί
2368 952 2491 1032 (sic
2544 954 2593 1013 E
2625 952 2837 1034 etD);

791 1057 852 1139 c)
878 1066 1009 1136 ter,
1043 1059 1330 1138 primum
1368 1060 1534 1123 bene
1568 1060 2002 1139 scriptamque
2030 1060 2111 1120 ὅτι
2135 1106 2149 1133 ,
2190 1059 2341 1122 dein
2379 1057 2546 1123 male
2582 1062 2750 1140 (post
2779 1061 2840 1121 τὸ

708 1165 907 1247 λοιτόν)
930 1166 1365 1246 scriptamque
1392 1167 1527 1244 ἐστί,
1552 1167 1836 1248 denique
1860 1173 2009 1230 ante
2035 1165 2207 1226 λοιτόν
2237 1184 2348 1246 pro
2371 1167 2644 1229 articulo
2673 1165 2734 1226 τό
2767 1168 2839 1228 in

706 1292 838 1354 quo
881 1280 1105 1336 notam
1146 1273 1419 1338 lacunae
1467 1274 1945 1355 deprehendere
1992 1280 2387 1338 censuerunt
2422 1274 2544 1356 (sic
2574 1276 2622 1336 F
2648 1275 2705 1336 G
2730 1274 2842 1364 It).·

706 1417 786 1430 —
837 1382 957 1446 Ille
999 1389 1206 1446 textus
1263 1399 1302 1444 a
1352 1390 1525 1447 textu
1575 1385 1766 1463 cujus
1817 1383 2185 1462 exemplum
2240 1383 2313 1443 in
2371 1383 2421 1442 E
2480 1383 2843 1461 reperimus

707 1498 886 1553 ortus
928 1497 1060 1567 est,
1106 1490 1438 1570 supposita
1483 1490 1757 1554 articulo
1802 1489 1864 1550 τό
1905 1507 2058 1554 voce
2104 1490 2238 1550 ἐστί.
2287 1491 2469 1564 Quae
2513 1490 2839 1569 corruptio

703 1598 975 1661 forsitan
1020 1615 1057 1661 e
1096 1594 1532 1678 dittographia
1572 1604 1724 1661 nata
1765 1605 1860 1661 est
1904 1622 1916 1658 z
1962 1614 2154 1660 nemo
2199 1604 2294 1661 est
2321 1598 2501 1659 enim
2539 1597 2656 1676 qui
2702 1614 2835 1661 non

703 1705 915 1768 videat
961 1707 1288 1785 quomodo
1330 1705 1744 1787 συνεσταλμένος
1790 1731 1865 1767 οσ
1908 1730 1977 1767 το
2015 1704 2196 1767 λοιπόν
2235 1706 2379 1769 fieri
2423 1703 2835 1785 συνεσταλμένος

700 1813 812 1874 ἐστὶ
839 1811 1022 1874 λοιπόν
1055 1820 1281 1892 potest.
2508 1882 2519 1890 ,

782 1917 1104 1983 Similiter
1132 1921 1334 1984 variis
1364 1939 1424 1983 v.
1460 1920 1646 1985 30-31
1678 1920 1768 2003 (1)
1797 1920 2190 1984 lectionibus
2224 1921 2568 2001 perspectis
2588 1970 2602 1998 ,
2637 1921 2833 1983 addu-

700 2028 916 2091 cimur
958 2035 1030 2090 ut
1063 2029 1495 2109 conjiciamus
1535 2028 1820 2091 Paulum
1867 2027 1976 2090 hic
2014 2028 2351 2108 scripsisse
2384 2054 2396 2089 :
2435 2028 2525 2089 καὶ
2554 2031 2603 2088 οἱ
2632 2026 2831 2111 ἀγορά-

696 2141 868 2208 ζοντες
898 2140 971 2205 ὥς
1000 2135 1079 2217 μὴ
1114 2134 1572 2220 ἀγοράζοντες
1589 2183 1608 2214 ,
1640 2137 1731 2198 καὶ
1758 2139 1808 2197 οἱ
1835 2140 2101 2220 χρώμενοι
2132 2140 2208 2221 τῷ
2233 2135 2420 2221 κόσμῳ
2449 2135 2617 2220 τούτῳ
2646 2141 2717 2203 ὥς
2747 2134 2827 2216 μὴ

691 2246 978 2328 χρώμενοι.
1009 2244 1307 2306 Alterum
1337 2263 1395 2305 v,
1438 2243 1778 2327 ἀγοράζοντες
1818 2244 2121 2318 evanuit,
2166 2245 2303 2306 sive
2351 2243 2541 2323 culpa
2585 2243 2834 2306 scribae

693 2351 808 2431 qui
863 2352 1290 2415 omissionem
1333 2368 1545 2432 neque
1582 2351 1950 2414 emendavit
2000 2368 2212 2430 neque
2259 2351 2533 2413 forsitan
2584 2352 2828 2426 sensit,

694 2458 830 2521 sive
862 2458 1004 2521 tabe
1022 2459 1305 2538 quadam
1334 2460 1405 2520 in
1428 2458 1493 2521 h.
1518 2459 1562 2521 1.
1592 2459 1732 2521 cod.
1763 2460 1814 2519 E
1840 2458 2096 2521 duobus
2125 2457 2332 2539 ἔχοντες
2359 2459 2432 2518 in
2463 2476 2526 2520 v.
2552 2458 2588 2519 9
2611 2475 2827 2519 unum

691 2566 1010 2628 omissum
1047 2567 1118 2627 in
1157 2567 1451 2646 margine
1489 2567 1887 2646 adscriptum
1926 2567 2083 2639 fuit,
2120 2583 2268 2628 mox
2311 2566 2414 2628 bis
2445 2566 2766 2628 insertum
2802 2590 2815 2625 :

695 2672 981 2750 primum
1024 2672 1187 2736 bene
1211 2722 1226 2750 ,
1272 2673 1427 2736 dein
1464 2673 1632 2736 male
1683 2673 1884 2756 (infra
1935 2674 2230 2735 dicemus
2281 2670 2443 2752 ubi).
2504 2671 2830 2734 Nonnulli

692 2781 831 2843 cod.
869 2797 1091 2843 vocem
1118 2780 1289 2866 τούτῳ
1316 2780 1459 2862 (aut
1486 2781 1693 2863 τοῦτον)
1725 2787 1865 2860 post
1906 2780 2094 2864 κόσμῳ
2126 2780 2262 2862 (aut
2295 2779 2519 2861 κόσμον)
2549 2785 2824 2860 ponunt,

689 2905 890 2968 quam
938 2889 1246 2951 omittunt
1294 2889 1409 2951 alii
1442 2911 1459 2948 .-
1495 2887 1609 2951 illa
1645 2906 1764 2951 vox
1784 2934 1803 2965 ‚
1844 2906 2011 2967 quae
2055 2889 2193 2949 κατά
2236 2891 2295 2967 (τ
2326 2913 2408 2944 =
2439 2914 2505 2965 κ,
2544 2913 2606 2949 ου
2639 2912 2722 2944 ..—-:.
2747 2913 2783 2949 α
2808 2937 2822 2964 ,

689 3018 733 3054 ω
759 3017 841 3049 =
862 3019 897 3054 α
927 3026 1008 3041 -
1035 2994 1207 3073 Bast)
1239 2994 1370 3074 legi
1404 3001 1646 3074 poterat
1673 3042 1690 3070 ,
1724 3011 1877 3056 cum
1914 2994 2120 3076 ἔχοντες
2159 3012 2196 3055 a
2236 2994 2448 3057 scriba
2472 2995 2700 3079 juncta
2732 2998 2828 3074 (ut

687 3103 995 3165 lacunam
1023 3102 1319 3183 impleret
1351 3104 1710 3166 omissione
1744 3109 1908 3182 part.
1942 3101 2278 3185 ἀγοράζοντες
2310 3104 2627 3183 effectam)
2658 3110 2819 3182 part.

686 3209 1000 3291 κατέχοντες
1047 3208 1133 3292 (2)
1172 3210 1369 3273 dedit.
1409 3211 1593 3272 Idem
1620 3209 1826 3294 τούτῳ,
1860 3208 2328 3285 Similiter-metro}
2356 3211 2599 3272 lectum
2623 3258 2636 3285 ‚
2672 3216 2822 3272 ante

685 3317 962 3381 alterum
978 3316 1242 3401 χρώμενοι
1271 3319 1642 3381 restitutum
1666 3319 1814 3392 fuit,
1838 3318 2012 3398 quod
2030 3317 2686 3400 καταχρώμενοιΪᾶΟῑΠΙΠ
2704 3325 2818 3381 est.

686 3425 986 3505 Denique
1013 3426 1386 3488 restitutum
1414 3426 1542 3487 fuit
1568 3425 1739 3510 τούτῳ
1776 3451 1789 3487 :

767 3532 834 3614 a)
865 3534 936 3594 in
971 3534 1310 3596 nonnullis
1339 3535 1478 3596 cod.
1512 3535 1615 3597 bis
1663 3560 1675 3596 ε
1720 3535 2009 3613 primum
2043 3540 2183 3613 post
2212 3539 2284 3602 ὡς
2320 3534 2397 3613 μή
2423 3582 2435 3608 ,
2472 3533 2818 3611 scriptum-

684 3657 812 3719 que
845 3638 1269 3721 κατ(έχοντες),
1318 3640 1470 3703 dein
1516 3647 1665 3702 ante
1707 3642 1986 3703 alterum
2026 3644 2333 3724 χρώμενοι,
2374 3642 2817 3719 scriptumque

682 3744 1178 3830 κατα(χρώμενοι)
1205 3745 1329 3827 (Sic
1357 3758 1407 3814 R
1434 3749 1491 3809 A
1522 3745 1626 3828 B).

765 3851 828 3934 b)
857 3854 929 3914 in
960 3853 1108 3915 aliis
1139 3855 1279 3917 cod.
1319 3862 1414 3916 ter
1448 3880 1459 3915 ε
1501 3855 1785 3935 primum
1817 3862 1957 3934 post
1982 3852 2170 3937 κόσμῳ
2197 3855 2363 3917 hene
2394 3862 2456 3916 et
2493 3854 2812 3915 insertum

681 3967 742 4023 et
775 3961 1111 4041 scriptum,
1143 3960 1254 4023 sed
1285 3962 1435 4023 dein
1474 3969 1610 4041 post
1637 3967 1709 4029 ὡς
1744 3961 1843 4041 μή,
1876 3961 2156 4041 denique
2189 3970 2338 4022 ante
2362 3959 2642 4047 ‘alterurn
2669 3964 2810 4043 χρώ-

678 4091 824 4146 μενοι
851 4068 969 4150 (sic
1001 4068 1051 4131 E
1071 4069 1133 4130 K
1166 4068 1213 4129 L
1238 4067 1339 4148 P).

740 4231 805 4294 (1)
836 4231 899 4280 In
927 4245 1029 4280 sua
1058 4199 1424 4280 translatione·
1444 4232 1649 4280 oblitus
1676 4235 1759 4281 est
1791 4235 1961 4280 Godet
1984 4233 2281 4282 verborum
2304 4234 2391 4281 καὶ
2415 4235 2462 4282 οἱ
2487 4233 2808 4297 ἀγοράζοντες

677 4325 742 4378 ὡς
771 4323 836 4385 μὴ
863 4324 1173 4386 κατέχοντες.

737 4409 805 4476 (2)
835 4410 1094 4461 Fortasse
1122 4410 1152 4459 2
1181 4410 1334 4475 Cor„
1363 4410 1457 4473 VI,
1494 4411 1552 4462 10
1580 4411 1825 4460 animum
1853 4411 2064 4461 librarii
2093 4420 2613 4478 praeoccupaverat.
