<?xml version="1.0" encoding="UTF-8"?>
<!DOCTYPE html PUBLIC "-//W3C//DTD XHTML 1.0 Transitional//EN"
    "http://www.w3.org/TR/xhtml1/DTD/xhtml1-transitional.dtd">
<html xmlns="http://www.w3.org/1999/xhtml" xml:lang="en" lang="en">
 <head>
  <title>
</title>
<meta http-equiv="Content-Type" content="text/html;charset=utf-8" />
  <meta name='ocr-system' content='tesseract 3.04.00' />
  <meta name='ocr-capabilities' content='ocr_page ocr_carea ocr_par ocr_line ocrx_word'/>
</head>
<body>
  <div class='ocr_page' id='page_1' title='image "./depriorepauliad00boisgoog_0064.png"; bbox 0 0 3559 5609; ppageno 0'>
   <div class='ocr_carea' id='block_1_1' title="bbox 804 767 1996 829">
    <p class='ocr_par' dir='ltr' id='par_1_1' title="bbox 804 767 1996 829">
     <span class='ocr_line' id='line_1_1' title="bbox 804 767 1996 829; baseline 0.001 -9"><span class='ocrx_word' id='word_1_1' title='bbox 804 770 865 820; x_wconf 82' lang='lat'>56</span> <span class='ocrx_word' id='word_1_2' title='bbox 886 795 891 798; x_wconf 25' lang='grc' dir='ltr'><strong>Α</strong></span> <span class='ocrx_word' id='word_1_3' title='bbox 1744 767 1821 819; x_wconf 87' lang='lat' dir='ltr'>VI</span> <span class='ocrx_word' id='word_1_4' title='bbox 1836 806 1850 829; x_wconf 87' lang='lat'>,</span> <span class='ocrx_word' id='word_1_5' title='bbox 1883 768 1996 821; x_wconf 69' lang='lat'>2-4.</span> 
     </span>
    </p>
   </div>
   <div class='ocr_carea' id='block_1_2' title="bbox 730 884 2943 2883">
    <p class='ocr_par' dir='ltr' id='par_1_2' title="bbox 794 884 2936 1072">
     <span class='ocr_line' id='line_1_2' title="bbox 794 884 2936 968; baseline 0.001 -21"><span class='ocrx_word' id='word_1_6' title='bbox 794 885 1099 967; x_wconf 89' lang='lat' dir='ltr'>judicum</span> <span class='ocrx_word' id='word_1_7' title='bbox 1142 885 1603 967; x_wconf 82' lang='lat' dir='ltr'>(paganorum)</span> <span class='ocrx_word' id='word_1_8' title='bbox 1654 884 1861 968; x_wconf 87' lang='lat' dir='ltr'>esse),</span> <span class='ocrx_word' id='word_1_9' title='bbox 1910 892 1983 947; x_wconf 88' lang='lat' dir='ltr'>ut</span> <span class='ocrx_word' id='word_1_10' title='bbox 2029 886 2275 948; x_wconf 87' lang='lat' dir='ltr'>mirum</span> <span class='ocrx_word' id='word_1_11' title='bbox 2313 886 2545 949; x_wconf 85' lang='lat' dir='ltr'>fuisset</span> <span class='ocrx_word' id='word_1_12' title='bbox 2587 887 2644 948; x_wconf 90' lang='lat' dir='ltr'>si</span> <span class='ocrx_word' id='word_1_13' title='bbox 2691 887 2936 950; x_wconf 85' lang='lat' dir='ltr'>Paulus</span> 
     </span>
     <span class='ocr_line' id='line_1_3' title="bbox 801 992 2283 1072; baseline 0.001 -20"><span class='ocrx_word' id='word_1_14' title='bbox 801 992 982 1055; x_wconf 88' lang='lat' dir='ltr'>illam</span> <span class='ocrx_word' id='word_1_15' title='bbox 1022 1010 1155 1056; x_wconf 91' lang='lat' dir='ltr'>non</span> <span class='ocrx_word' id='word_1_16' title='bbox 1190 1010 1486 1072; x_wconf 83' lang='lat' dir='ltr'>expresse</span> <span class='ocrx_word' id='word_1_17' title='bbox 1517 1000 1579 1056; x_wconf 93' lang='lat' dir='ltr'>et</span> <span class='ocrx_word' id='word_1_18' title='bbox 1611 994 1754 1056; x_wconf 85' lang='lat' dir='ltr'>fuse</span> <span class='ocrx_word' id='word_1_19' title='bbox 1791 994 2283 1057; x_wconf 87' lang='lat' dir='ltr'>enuntiavisset.</span> 
     </span>
    </p>

    <p class='ocr_par' dir='ltr' id='par_1_3' title="bbox 794 1099 2937 1718">
     <span class='ocr_line' id='line_1_4' title="bbox 883 1099 2936 1183; baseline 0.001 -20"><span class='ocrx_word' id='word_1_20' title='bbox 883 1099 974 1163; x_wconf 87' lang='lat' dir='ltr'>Ut</span> <span class='ocrx_word' id='word_1_21' title='bbox 1003 1099 1365 1163; x_wconf 83' lang='lat' dir='ltr'>Corinthiis</span> <span class='ocrx_word' id='word_1_22' title='bbox 1389 1102 1796 1179; x_wconf 81' lang='lat' dir='ltr'>argumentis</span> <span class='ocrx_word' id='word_1_23' title='bbox 1818 1101 2155 1163; x_wconf 88' lang='lat' dir='ltr'>confirmet</span> <span class='ocrx_word' id='word_1_24' title='bbox 2178 1101 2436 1181; x_wconf 90' lang='lat' dir='ltr'>judices</span> <span class='ocrx_word' id='word_1_25' title='bbox 2467 1102 2763 1183; x_wconf 86' lang='lat' dir='ltr'>judicum</span> <span class='ocrx_word' id='word_1_26' title='bbox 2790 1103 2936 1166; x_wconf 90' lang='lat' dir='ltr'>illos</span> 
     </span>
     <span class='ocr_line' id='line_1_5' title="bbox 802 1208 2937 1290; baseline 0 -19"><span class='ocrx_word' id='word_1_27' title='bbox 802 1224 972 1287; x_wconf 69' lang='lat' dir='ltr'>esse,</span> <span class='ocrx_word' id='word_1_28' title='bbox 1007 1208 1256 1270; x_wconf 90' lang='lat' dir='ltr'>Paulus</span> <span class='ocrx_word' id='word_1_29' title='bbox 1299 1209 1584 1287; x_wconf 86' lang='lat' dir='ltr'>primurn</span> <span class='ocrx_word' id='word_1_30' title='bbox 1626 1208 1810 1270; x_wconf 91' lang='lat' dir='ltr'>illam</span> <span class='ocrx_word' id='word_1_31' title='bbox 1840 1226 2103 1271; x_wconf 90' lang='lat' dir='ltr'>causam</span> <span class='ocrx_word' id='word_1_32' title='bbox 2144 1210 2362 1285; x_wconf 84' lang='lat' dir='ltr'>affert,</span> <span class='ocrx_word' id='word_1_33' title='bbox 2406 1212 2582 1290; x_wconf 89' lang='lat' dir='ltr'>quod</span> <span class='ocrx_word' id='word_1_34' title='bbox 2612 1210 2937 1272; x_wconf 89' lang='lat' dir='ltr'>mundum</span> 
     </span>
     <span class='ocr_line' id='line_1_6' title="bbox 794 1315 2933 1399; baseline -0.001 -20"><span class='ocrx_word' id='word_1_35' title='bbox 794 1315 1208 1399; x_wconf 85' lang='lat' dir='ltr'>judicabunt.</span> <span class='ocrx_word' id='word_1_36' title='bbox 1240 1317 1281 1378; x_wconf 85' lang='lat' dir='ltr'>J</span> <span class='ocrx_word' id='word_1_37' title='bbox 1285 1316 1509 1379; x_wconf 91' lang='lat' dir='ltr'>udices</span> <span class='ocrx_word' id='word_1_38' title='bbox 1538 1321 1756 1378; x_wconf 88' lang='lat' dir='ltr'>autem</span> <span class='ocrx_word' id='word_1_39' title='bbox 1784 1315 2016 1377; x_wconf 91' lang='lat' dir='ltr'>mundi</span> <span class='ocrx_word' id='word_1_40' title='bbox 2042 1334 2190 1395; x_wconf 85' lang='lat' dir='ltr'>pars</span> <span class='ocrx_word' id='word_1_41' title='bbox 2216 1317 2448 1377; x_wconf 92' lang='lat' dir='ltr'>mundi</span> <span class='ocrx_word' id='word_1_42' title='bbox 2482 1323 2658 1380; x_wconf 92' lang='lat' dir='ltr'>sunt.</span> <span class='ocrx_word' id='word_1_43' title='bbox 2689 1319 2933 1395; x_wconf 83' lang='lat' dir='ltr'>Ergo...</span> 
     </span>
     <span class='ocr_line' id='line_1_7' title="bbox 801 1423 2936 1488; baseline -0 -1"><span class='ocrx_word' id='word_1_44' title='bbox 801 1426 1106 1488; x_wconf 83' lang='lat' dir='ltr'>Attamen</span> <span class='ocrx_word' id='word_1_45' title='bbox 1154 1424 1412 1486; x_wconf 88' lang='lat' dir='ltr'>videtur</span> <span class='ocrx_word' id='word_1_46' title='bbox 1444 1424 1691 1485; x_wconf 87' lang='lat' dir='ltr'>Paulus</span> <span class='ocrx_word' id='word_1_47' title='bbox 1729 1423 1858 1484; x_wconf 87' lang='lat' dir='ltr'>alia</span> <span class='ocrx_word' id='word_1_48' title='bbox 1893 1423 2391 1486; x_wconf 77' lang='lat' dir='ltr'>ratiocinatione</span> <span class='ocrx_word' id='word_1_49' title='bbox 2425 1425 2520 1486; x_wconf 90' lang='lat' dir='ltr'>uti</span> <span class='ocrx_word' id='word_1_50' title='bbox 2574 1450 2586 1485; x_wconf 93' lang='lat'>:</span> <span class='ocrx_word' id='word_1_51' title='bbox 2638 1423 2710 1486; x_wconf 90' lang='lat' dir='ltr'>Si</span> <span class='ocrx_word' id='word_1_52' title='bbox 2741 1442 2936 1486; x_wconf 89' lang='lat' dir='ltr'>mun-</span> 
     </span>
     <span class='ocr_line' id='line_1_8' title="bbox 802 1530 2934 1613; baseline -0.001 -19"><span class='ocrx_word' id='word_1_53' title='bbox 802 1532 960 1595; x_wconf 91' lang='lat' dir='ltr'>dum</span> <span class='ocrx_word' id='word_1_54' title='bbox 998 1530 1142 1613; x_wconf 89' lang='lat' dir='ltr'>(qui</span> <span class='ocrx_word' id='word_1_55' title='bbox 1175 1531 1332 1593; x_wconf 87' lang='lat' dir='ltr'>adeo</span> <span class='ocrx_word' id='word_1_56' title='bbox 1365 1548 1645 1608; x_wconf 87' lang='lat' dir='ltr'>magnus</span> <span class='ocrx_word' id='word_1_57' title='bbox 1674 1531 1793 1611; x_wconf 88' lang='lat' dir='ltr'>ost)</span> <span class='ocrx_word' id='word_1_58' title='bbox 1822 1531 2166 1611; x_wconf 81' lang='lat' dir='ltr'>judicatiS,</span> <span class='ocrx_word' id='word_1_59' title='bbox 2198 1531 2454 1611; x_wconf 87' lang='lat' dir='ltr'>judices</span> <span class='ocrx_word' id='word_1_60' title='bbox 2489 1549 2774 1610; x_wconf 91' lang='lat' dir='ltr'>paganos</span> <span class='ocrx_word' id='word_1_61' title='bbox 2805 1548 2934 1594; x_wconf 92' lang='lat' dir='ltr'>non</span> 
     </span>
     <span class='ocr_line' id='line_1_9' title="bbox 798 1637 2019 1718; baseline -0.001 -19"><span class='ocrx_word' id='word_1_62' title='bbox 798 1638 1179 1717; x_wconf 84' lang='lat' dir='ltr'>judicaretis</span> <span class='ocrx_word' id='word_1_63' title='bbox 1211 1637 1353 1718; x_wconf 88' lang='lat' dir='ltr'>(qui</span> <span class='ocrx_word' id='word_1_64' title='bbox 1383 1638 1541 1700; x_wconf 90' lang='lat' dir='ltr'>adeo</span> <span class='ocrx_word' id='word_1_65' title='bbox 1574 1638 1754 1715; x_wconf 85' lang='lat' dir='ltr'>parvi</span> <span class='ocrx_word' id='word_1_66' title='bbox 1788 1637 2019 1717; x_wconf 85' lang='lat' dir='ltr'>sunt)‘?</span> 
     </span>
    </p>

    <p class='ocr_par' dir='ltr' id='par_1_4' title="bbox 730 1743 2943 2470">
     <span class='ocr_line' id='line_1_10' title="bbox 883 1743 2943 1824; baseline 0.001 -19"><span class='ocrx_word' id='word_1_67' title='bbox 883 1745 1135 1807; x_wconf 88' lang='lat' dir='ltr'>Deinde</span> <span class='ocrx_word' id='word_1_68' title='bbox 1179 1743 1344 1805; x_wconf 91' lang='lat' dir='ltr'>illud</span> <span class='ocrx_word' id='word_1_69' title='bbox 1396 1745 1580 1805; x_wconf 82' lang='lat' dir='ltr'>affert</span> <span class='ocrx_word' id='word_1_70' title='bbox 1626 1743 1906 1819; x_wconf 87' lang='lat' dir='ltr'>Paulus,</span> <span class='ocrx_word' id='word_1_71' title='bbox 1960 1746 2135 1824; x_wconf 87' lang='lat' dir='ltr'>quod</span> <span class='ocrx_word' id='word_1_72' title='bbox 2186 1746 2514 1808; x_wconf 86' lang='lat' dir='ltr'>Corinthii</span> <span class='ocrx_word' id='word_1_73' title='bbox 2566 1763 2695 1809; x_wconf 90' lang='lat' dir='ltr'>non</span> <span class='ocrx_word' id='word_1_74' title='bbox 2749 1746 2943 1809; x_wconf 90' lang='lat' dir='ltr'>modo</span> 
     </span>
     <span class='ocr_line' id='line_1_11' title="bbox 806 1854 2937 1935; baseline -0.001 -18"><span class='ocrx_word' id='word_1_75' title='bbox 806 1856 1154 1930; x_wconf 89' lang='lat' dir='ltr'>mundum,</span> <span class='ocrx_word' id='word_1_76' title='bbox 1184 1855 1292 1916; x_wconf 87' lang='lat' dir='ltr'>scd</span> <span class='ocrx_word' id='word_1_77' title='bbox 1327 1854 1523 1915; x_wconf 85' lang='lat' dir='ltr'>etiam</span> <span class='ocrx_word' id='word_1_78' title='bbox 1555 1854 1819 1932; x_wconf 83' lang='lat' dir='ltr'>angelos</span> <span class='ocrx_word' id='word_1_79' title='bbox 1841 1854 2257 1934; x_wconf 83' lang='lat' dir='ltr'>judicabunt.</span> <span class='ocrx_word' id='word_1_80' title='bbox 2290 1856 2384 1917; x_wconf 88' lang='lat' dir='ltr'>Ac</span> <span class='ocrx_word' id='word_1_81' title='bbox 2414 1855 2468 1917; x_wconf 87' lang='lat' dir='ltr'>si</span> <span class='ocrx_word' id='word_1_82' title='bbox 2495 1857 2633 1935; x_wconf 87' lang='lat' dir='ltr'>jam</span> <span class='ocrx_word' id='word_1_83' title='bbox 2660 1855 2937 1932; x_wconf 85' lang='lat' dir='ltr'>intelligi</span> 
     </span>
     <span class='ocr_line' id='line_1_12' title="bbox 730 1959 2937 2041; baseline -0.001 -16"><span class='ocrx_word' id='word_1_84' title='bbox 730 1959 735 1967; x_wconf 82' lang='lat'>&#39;</span> <span class='ocrx_word' id='word_1_85' title='bbox 809 1982 940 2026; x_wconf 93' lang='lat' dir='ltr'>non</span> <span class='ocrx_word' id='word_1_86' title='bbox 976 1963 1177 2041; x_wconf 84' lang='lat' dir='ltr'>possit</span> <span class='ocrx_word' id='word_1_87' title='bbox 1221 1968 1294 2023; x_wconf 90' lang='lat' dir='ltr'>ut</span> <span class='ocrx_word' id='word_1_88' title='bbox 1341 1961 1667 2022; x_wconf 89' lang='lat' dir='ltr'>mundum</span> <span class='ocrx_word' id='word_1_89' title='bbox 1708 1961 2080 2041; x_wconf 88' lang='lat' dir='ltr'>judicantes</span> <span class='ocrx_word' id='word_1_90' title='bbox 2137 1978 2265 2023; x_wconf 87' lang='lat' dir='ltr'>uon</span> <span class='ocrx_word' id='word_1_91' title='bbox 2309 1962 2608 2040; x_wconf 76' lang='lat' dir='ltr'>Judicent</span> <span class='ocrx_word' id='word_1_92' title='bbox 2642 1962 2937 2041; x_wconf 82' lang='lat' dir='ltr'>judiceS‚</span> 
     </span>
     <span class='ocr_line' id='line_1_13' title="bbox 808 2068 2941 2149; baseline -0.001 -18"><span class='ocrx_word' id='word_1_93' title='bbox 808 2087 1028 2132; x_wconf 88' lang='lat' dir='ltr'>nonne</span> <span class='ocrx_word' id='word_1_94' title='bbox 1058 2068 1424 2130; x_wconf 71' lang='lat' dir='ltr'>absurditas</span> <span class='ocrx_word' id='word_1_95' title='bbox 1462 2086 1721 2130; x_wconf 88' lang='lat' dir='ltr'>summa</span> <span class='ocrx_word' id='word_1_96' title='bbox 1756 2070 1839 2130; x_wconf 85' lang='lat' dir='ltr'>sit</span> <span class='ocrx_word' id='word_1_97' title='bbox 1882 2068 2269 2130; x_wconf 80' lang='lat' dir='ltr'>contendere</span> <span class='ocrx_word' id='word_1_98' title='bbox 2318 2068 2466 2130; x_wconf 89' lang='lat' dir='ltr'>illos</span> <span class='ocrx_word' id='word_1_99' title='bbox 2516 2070 2631 2148; x_wconf 88' lang='lat' dir='ltr'>qui</span> <span class='ocrx_word' id='word_1_100' title='bbox 2676 2070 2941 2149; x_wconf 85' lang='lat' dir='ltr'>angelos</span> 
     </span>
     <span class='ocr_line' id='line_1_14' title="bbox 807 2176 2942 2257; baseline 0 -18"><span class='ocrx_word' id='word_1_101' title='bbox 807 2177 1057 2239; x_wconf 90' lang='lat' dir='ltr'>mundo</span> <span class='ocrx_word' id='word_1_102' title='bbox 1111 2182 1242 2236; x_wconf 88' lang='lat' dir='ltr'>tam</span> <span class='ocrx_word' id='word_1_103' title='bbox 1283 2183 1678 2254; x_wconf 79' lang='lat' dir='ltr'>praestantes</span> <span class='ocrx_word' id='word_1_104' title='bbox 1722 2176 2082 2257; x_wconf 86' lang='lat' dir='ltr'>judicaturi</span> <span class='ocrx_word' id='word_1_105' title='bbox 2122 2176 2285 2251; x_wconf 88' lang='lat' dir='ltr'>sint,</span> <span class='ocrx_word' id='word_1_106' title='bbox 2328 2177 2579 2255; x_wconf 87' lang='lat' dir='ltr'>judices</span> <span class='ocrx_word' id='word_1_107' title='bbox 2628 2195 2758 2240; x_wconf 92' lang='lat' dir='ltr'>non</span> <span class='ocrx_word' id='word_1_108' title='bbox 2802 2194 2942 2239; x_wconf 88' lang='lat' dir='ltr'>esse</span> 
     </span>
     <span class='ocr_line' id='line_1_15' title="bbox 804 2283 2941 2364; baseline 0 -19"><span class='ocrx_word' id='word_1_109' title='bbox 804 2284 1212 2364; x_wconf 83' lang='lat' dir='ltr'>judicaturos</span> <span class='ocrx_word' id='word_1_110' title='bbox 1253 2283 1368 2362; x_wconf 89' lang='lat' dir='ltr'>qui</span> <span class='ocrx_word' id='word_1_111' title='bbox 1400 2284 1648 2347; x_wconf 90' lang='lat' dir='ltr'>mundo</span> <span class='ocrx_word' id='word_1_112' title='bbox 1684 2290 1811 2345; x_wconf 92' lang='lat' dir='ltr'>tam</span> <span class='ocrx_word' id='word_1_113' title='bbox 1843 2284 2126 2364; x_wconf 81' lang='lat' dir='ltr'>impares</span> <span class='ocrx_word' id='word_1_114' title='bbox 2165 2283 2344 2345; x_wconf 89' lang='lat' dir='ltr'>sint?</span> <span class='ocrx_word' id='word_1_115' title='bbox 2378 2285 2549 2361; x_wconf 84' lang='lat' dir='ltr'>Ergo</span> <span class='ocrx_word' id='word_1_116' title='bbox 2597 2285 2652 2347; x_wconf 90' lang='lat' dir='ltr'>si</span> <span class='ocrx_word' id='word_1_117' title='bbox 2687 2284 2941 2364; x_wconf 89' lang='lat' dir='ltr'>judices</span> 
     </span>
     <span class='ocr_line' id='line_1_16' title="bbox 805 2390 2102 2470; baseline 0.001 -18"><span class='ocrx_word' id='word_1_118' title='bbox 805 2390 1106 2470; x_wconf 91' lang='lat' dir='ltr'>judicum</span> <span class='ocrx_word' id='word_1_119' title='bbox 1138 2390 1368 2454; x_wconf 85' lang='lat' dir='ltr'>estis...</span> <span class='ocrx_word' id='word_1_120' title='bbox 1408 2390 1555 2453; x_wconf 91' lang='lat' dir='ltr'>illos</span> <span class='ocrx_word' id='word_1_121' title='bbox 1580 2392 1835 2468; x_wconf 90' lang='lat' dir='ltr'>judices</span> <span class='ocrx_word' id='word_1_122' title='bbox 1865 2393 2102 2455; x_wconf 80' lang='lat' dir='ltr'>aditis?</span> 
     </span>
    </p>

    <p class='ocr_par' dir='ltr' id='par_1_5' title="bbox 809 2496 2943 2883">
     <span class='ocr_line' id='line_1_17' title="bbox 891 2496 2941 2578; baseline 0 -19"><span class='ocrx_word' id='word_1_123' title='bbox 891 2497 1030 2559; x_wconf 87' lang='lat' dir='ltr'>Vox</span> <span class='ocrx_word' id='word_1_124' title='bbox 1062 2496 1305 2578; x_wconf 86' lang='grc' dir='ltr'>βιωτικός</span> <span class='ocrx_word' id='word_1_125' title='bbox 1339 2498 1407 2558; x_wconf 89' lang='lat' dir='ltr'>in</span> <span class='ocrx_word' id='word_1_126' title='bbox 1442 2498 1524 2558; x_wconf 89' lang='lat' dir='ltr'>N.</span> <span class='ocrx_word' id='word_1_127' title='bbox 1547 2499 1620 2560; x_wconf 89' lang='lat' dir='ltr'>T.</span> <span class='ocrx_word' id='word_1_128' title='bbox 1655 2500 1846 2562; x_wconf 91' lang='lat' dir='ltr'>modo</span> <span class='ocrx_word' id='word_1_129' title='bbox 1873 2499 1940 2560; x_wconf 87' lang='lat' dir='ltr'>iu</span> <span class='ocrx_word' id='word_1_130' title='bbox 1978 2501 2161 2576; x_wconf 88' lang='lat' dir='ltr'>Luc.,</span> <span class='ocrx_word' id='word_1_131' title='bbox 2190 2498 2380 2573; x_wconf 88' lang='lat' dir='ltr'>XXI,</span> <span class='ocrx_word' id='word_1_132' title='bbox 2415 2498 2490 2562; x_wconf 85' lang='lat'>34</span> <span class='ocrx_word' id='word_1_133' title='bbox 2515 2500 2795 2562; x_wconf 79' lang='lat' dir='ltr'>occurrit</span> <span class='ocrx_word' id='word_1_134' title='bbox 2826 2499 2941 2560; x_wconf 86' lang='lat' dir='ltr'>ubi</span> 
     </span>
     <span class='ocr_line' id='line_1_18' title="bbox 810 2591 2943 2687; baseline 0.002 -25"><span class='ocrx_word' id='word_1_135' title='bbox 810 2604 1066 2665; x_wconf 85' lang='lat' dir='ltr'>videtur</span> <span class='ocrx_word' id='word_1_136' title='bbox 1098 2605 1230 2666; x_wconf 83' lang='lat' dir='ltr'>fere</span> <span class='ocrx_word' id='word_1_137' title='bbox 1260 2604 1434 2666; x_wconf 90' lang='lat' dir='ltr'>idem</span> <span class='ocrx_word' id='word_1_138' title='bbox 1467 2623 1696 2668; x_wconf 83' lang='lat' dir='ltr'>sonare</span> <span class='ocrx_word' id='word_1_139' title='bbox 1724 2613 1918 2685; x_wconf 88' lang='lat' dir='ltr'>atque</span> <span class='ocrx_word' id='word_1_140' title='bbox 1945 2614 2035 2667; x_wconf 83' lang='grc' dir='ltr'>τοῦ</span> <span class='ocrx_word' id='word_1_141' title='bbox 2063 2591 2266 2687; x_wconf 66' lang='grc' dir='ltr'><strong>’κόσμου</strong></span> <span class='ocrx_word' id='word_1_142' title='bbox 2292 2605 2477 2668; x_wconf 81' lang='grc' dir='ltr'>τούτου</span> <span class='ocrx_word' id='word_1_143' title='bbox 2506 2607 2606 2669; x_wconf 90' lang='lat' dir='ltr'>vel</span> <span class='ocrx_word' id='word_1_144' title='bbox 2634 2613 2726 2667; x_wconf 84' lang='grc' dir='ltr'>τοῦ</span> <span class='ocrx_word' id='word_1_145' title='bbox 2754 2611 2943 2674; x_wconf 80' lang='grc' dir='ltr'>αἰῶνος</span> 
     </span>
     <span class='ocr_line' id='line_1_19' title="bbox 809 2708 2940 2790; baseline 0.002 -20"><span class='ocrx_word' id='word_1_146' title='bbox 809 2708 994 2770; x_wconf 80' lang='grc' dir='ltr'>τούτου</span> <span class='ocrx_word' id='word_1_147' title='bbox 1026 2727 1040 2771; x_wconf 87' lang='lat'>:</span> <span class='ocrx_word' id='word_1_148' title='bbox 1075 2728 1271 2789; x_wconf 88' lang='lat' dir='ltr'>quem</span> <span class='ocrx_word' id='word_1_149' title='bbox 1307 2729 1576 2775; x_wconf 88' lang='lat' dir='ltr'>sensum</span> <span class='ocrx_word' id='word_1_150' title='bbox 1606 2715 1661 2775; x_wconf 90' lang='lat' dir='ltr'>si</span> <span class='ocrx_word' id='word_1_151' title='bbox 1695 2732 1828 2775; x_wconf 92' lang='lat' dir='ltr'>non</span> <span class='ocrx_word' id='word_1_152' title='bbox 1872 2715 2113 2778; x_wconf 86' lang='lat' dir='ltr'>directo</span> <span class='ocrx_word' id='word_1_153' title='bbox 2144 2723 2204 2779; x_wconf 91' lang='lat' dir='ltr'>et</span> <span class='ocrx_word' id='word_1_154' title='bbox 2239 2717 2307 2776; x_wconf 89' lang='lat' dir='ltr'>in</span> <span class='ocrx_word' id='word_1_155' title='bbox 2348 2733 2415 2778; x_wconf 89' lang='lat' dir='ltr'>se</span> <span class='ocrx_word' id='word_1_156' title='bbox 2451 2716 2680 2790; x_wconf 82' lang='lat' dir='ltr'>habet,</span> <span class='ocrx_word' id='word_1_157' title='bbox 2716 2733 2753 2775; x_wconf 88' lang='lat' dir='ltr'>a</span> <span class='ocrx_word' id='word_1_158' title='bbox 2783 2733 2940 2777; x_wconf 75' lang='lat' dir='ltr'>con·</span> 
     </span>
     <span class='ocr_line' id='line_1_20' title="bbox 815 2818 1635 2883; baseline 0.006 -5"><span class='ocrx_word' id='word_1_159' title='bbox 815 2824 981 2881; x_wconf 82' lang='lat' dir='ltr'>textu</span> <span class='ocrx_word' id='word_1_160' title='bbox 1016 2818 1242 2881; x_wconf 89' lang='lat' dir='ltr'>saltem</span> <span class='ocrx_word' id='word_1_161' title='bbox 1272 2826 1635 2883; x_wconf 87' lang='lat' dir='ltr'>mutuatur.</span> 
     </span>
    </p>
   </div>
   <div class='ocr_carea' id='block_1_3' title="bbox 1750 3012 1987 3087">
    <p class='ocr_par' dir='ltr' id='par_1_6' title="bbox 1750 3012 1987 3087">
     <span class='ocr_line' id='line_1_21' title="bbox 1750 3012 1987 3087; baseline -0.004 -13"><span class='ocrx_word' id='word_1_162' title='bbox 1750 3012 1987 3087; x_wconf 84' lang='lat' dir='ltr'><strong>V1‚5.</strong></span> 
     </span>
    </p>
   </div>
   <div class='ocr_carea' id='block_1_4' title="bbox 813 3195 2946 4032">
    <p class='ocr_par' dir='ltr' id='par_1_7' title="bbox 813 3195 2946 4032">
     <span class='ocr_line' id='line_1_22' title="bbox 895 3195 2940 3280; baseline 0.002 -22"><span class='ocrx_word' id='word_1_163' title='bbox 895 3197 1154 3258; x_wconf 80' lang='lat' dir='ltr'>Fatetur</span> <span class='ocrx_word' id='word_1_164' title='bbox 1185 3195 1373 3257; x_wconf 80' lang='lat' dir='ltr'>Godet</span> <span class='ocrx_word' id='word_1_165' title='bbox 1398 3199 1683 3275; x_wconf 84' lang='lat' dir='ltr'>expediri</span> <span class='ocrx_word' id='word_1_166' title='bbox 1718 3216 1852 3261; x_wconf 88' lang='lat' dir='ltr'>non</span> <span class='ocrx_word' id='word_1_167' title='bbox 1892 3216 2077 3277; x_wconf 84' lang='lat' dir='ltr'>posse</span> <span class='ocrx_word' id='word_1_168' title='bbox 2108 3200 2302 3261; x_wconf 84' lang='lat' dir='ltr'>verba</span> <span class='ocrx_word' id='word_1_169' title='bbox 2331 3197 2430 3260; x_wconf 81' lang='grc' dir='ltr'>ἀνὰ</span> <span class='ocrx_word' id='word_1_170' title='bbox 2461 3199 2624 3280; x_wconf 82' lang='grc' dir='ltr'>μέσον</span> <span class='ocrx_word' id='word_1_171' title='bbox 2654 3206 2746 3261; x_wconf 80' lang='grc' dir='ltr'>τοῦ</span> <span class='ocrx_word' id='word_1_172' title='bbox 2780 3199 2940 3262; x_wconf 81' lang='grc' dir='ltr'>ἀδελ-</span> 
     </span>
     <span class='ocr_line' id='line_1_23' title="bbox 813 3286 2943 3388; baseline 0.004 -26"><span class='ocrx_word' id='word_1_173' title='bbox 813 3312 913 3384; x_wconf 78' lang='grc' dir='ltr'>φοῦ</span> <span class='ocrx_word' id='word_1_174' title='bbox 951 3303 1132 3361; x_wconf 77' lang='grc' dir='ltr'><strong>αὐτοῦ.</strong></span> <span class='ocrx_word' id='word_1_175' title='bbox 1168 3301 1764 3381; x_wconf 86' lang='lat' dir='ltr'>Interp1·etationem</span> <span class='ocrx_word' id='word_1_176' title='bbox 1798 3307 2147 3384; x_wconf 83' lang='lat' dir='ltr'>quamdam</span> <span class='ocrx_word' id='word_1_177' title='bbox 2177 3313 2391 3367; x_wconf 89' lang='lat' dir='ltr'>tamen</span> <span class='ocrx_word' id='word_1_178' title='bbox 2444 3307 2672 3369; x_wconf 87' lang='lat' dir='ltr'>timide</span> <span class='ocrx_word' id='word_1_179' title='bbox 2716 3286 2943 3388; x_wconf 81' lang='lat' dir='ltr'>propo-</span> 
     </span>
     <span class='ocr_line' id='line_1_24' title="bbox 817 3408 2941 3495; baseline 0.003 -23"><span class='ocrx_word' id='word_1_180' title='bbox 817 3408 986 3483; x_wconf 86' lang='lat' dir='ltr'>suit,</span> <span class='ocrx_word' id='word_1_181' title='bbox 1027 3424 1257 3487; x_wconf 89' lang='lat' dir='ltr'>quam,</span> <span class='ocrx_word' id='word_1_182' title='bbox 1307 3409 1378 3469; x_wconf 87' lang='lat' dir='ltr'>ni</span> <span class='ocrx_word' id='word_1_183' title='bbox 1408 3410 1626 3487; x_wconf 82' lang='lat' dir='ltr'>fallor,</span> <span class='ocrx_word' id='word_1_184' title='bbox 1668 3430 1798 3475; x_wconf 88' lang='lat' dir='ltr'>non</span> <span class='ocrx_word' id='word_1_185' title='bbox 1833 3413 2026 3475; x_wconf 92' lang='lat' dir='ltr'>multi</span> <span class='ocrx_word' id='word_1_186' title='bbox 2052 3415 2377 3493; x_wconf 81' lang='lat' dir='ltr'>accepturi</span> <span class='ocrx_word' id='word_1_187' title='bbox 2414 3422 2583 3477; x_wconf 90' lang='lat' dir='ltr'>sunt.</span> <span class='ocrx_word' id='word_1_188' title='bbox 2620 3416 2941 3495; x_wconf 88' lang='lat' dir='ltr'>Equidem</span> 
     </span>
     <span class='ocr_line' id='line_1_25' title="bbox 814 3497 2941 3607; baseline 0.005 -31"><span class='ocrx_word' id='word_1_189' title='bbox 814 3497 1076 3594; x_wconf 55' lang='lat' dir='ltr'>requiro</span> <span class='ocrx_word' id='word_1_190' title='bbox 1105 3517 1362 3598; x_wconf 79' lang='grc' dir='ltr'>διακρῖναι</span> <span class='ocrx_word' id='word_1_191' title='bbox 1391 3515 1490 3578; x_wconf 78' lang='grc' dir='ltr'>ἀνὰ</span> <span class='ocrx_word' id='word_1_192' title='bbox 1525 3519 1684 3598; x_wconf 82' lang='grc' dir='ltr'>μέσον</span> <span class='ocrx_word' id='word_1_193' title='bbox 1712 3529 1836 3580; x_wconf 83' lang='grc' dir='ltr'>τῶν</span> <span class='ocrx_word' id='word_1_194' title='bbox 1874 3524 2130 3607; x_wconf 83' lang='grc' dir='ltr'>ἀδελφῶν</span> <span class='ocrx_word' id='word_1_195' title='bbox 2158 3525 2340 3584; x_wconf 78' lang='grc' dir='ltr'>αὑτοῦ.</span> <span class='ocrx_word' id='word_1_196' title='bbox 2382 3523 2724 3585; x_wconf 80' lang='lat' dir='ltr'>Neminem</span> <span class='ocrx_word' id='word_1_197' title='bbox 2764 3524 2941 3586; x_wconf 81' lang='lat' dir='ltr'>enim</span> 
     </span>
     <span class='ocr_line' id='line_1_26' title="bbox 814 3621 2942 3707; baseline 0.005 -24"><span class='ocrx_word' id='word_1_198' title='bbox 814 3622 985 3701; x_wconf 84' lang='lat' dir='ltr'>fugit</span> <span class='ocrx_word' id='word_1_199' title='bbox 1024 3621 1306 3701; x_wconf 81' lang='lat' dir='ltr'>syllabas</span> <span class='ocrx_word' id='word_1_200' title='bbox 1358 3646 1430 3682; x_wconf 86' lang='grc' dir='ltr'>ων</span> <span class='ocrx_word' id='word_1_201' title='bbox 1478 3632 1538 3687; x_wconf 88' lang='lat' dir='ltr'>et</span> <span class='ocrx_word' id='word_1_202' title='bbox 1589 3650 1647 3686; x_wconf 88' lang='grc' dir='ltr'>ου</span> <span class='ocrx_word' id='word_1_203' title='bbox 1697 3628 2077 3707; x_wconf 87' lang='lat' dir='ltr'>saepissime</span> <span class='ocrx_word' id='word_1_204' title='bbox 2127 3630 2431 3693; x_wconf 81' lang='lat' dir='ltr'>confusas</span> <span class='ocrx_word' id='word_1_205' title='bbox 2477 3648 2616 3692; x_wconf 91' lang='lat' dir='ltr'>esse</span> <span class='ocrx_word' id='word_1_206' title='bbox 2678 3650 2828 3693; x_wconf 88' lang='lat' dir='ltr'>cum</span> <span class='ocrx_word' id='word_1_207' title='bbox 2872 3633 2942 3693; x_wconf 90' lang='lat' dir='ltr'>in</span> 
     </span>
     <span class='ocr_line' id='line_1_27' title="bbox 816 3728 2940 3817; baseline 0.005 -25"><span class='ocrx_word' id='word_1_208' title='bbox 816 3728 1125 3792; x_wconf 81' lang='lat' dir='ltr'>omnibus</span> <span class='ocrx_word' id='word_1_209' title='bbox 1174 3729 1507 3795; x_wconf 82' lang='lat' dir='ltr'>codicibus</span> <span class='ocrx_word' id='word_1_210' title='bbox 1554 3734 1785 3817; x_wconf 76' lang='grc' dir='ltr'>(Βαεί),</span> <span class='ocrx_word' id='word_1_211' title='bbox 1846 3742 1982 3798; x_wconf 91' lang='lat' dir='ltr'>tum</span> <span class='ocrx_word' id='word_1_212' title='bbox 2027 3737 2402 3815; x_wconf 75' lang='lat' dir='ltr'>praesertim</span> <span class='ocrx_word' id='word_1_213' title='bbox 2451 3738 2518 3797; x_wconf 86' lang='lat' dir='ltr'>iu</span> <span class='ocrx_word' id='word_1_214' title='bbox 2581 3739 2719 3799; x_wconf 90' lang='lat' dir='ltr'>cod.</span> <span class='ocrx_word' id='word_1_215' title='bbox 2769 3740 2940 3817; x_wconf 87' lang='lat' dir='ltr'>Apo-</span> 
     </span>
     <span class='ocr_line' id='line_1_28' title="bbox 817 3820 2946 3922; baseline 0.005 -27"><span class='ocrx_word' id='word_1_216' title='bbox 817 3836 1040 3915; x_wconf 83' lang='lat' dir='ltr'>cryph.</span> <span class='ocrx_word' id='word_1_217' title='bbox 1069 3820 1159 3898; x_wconf 81' lang='lat' dir='ltr'>V.&#39;</span> <span class='ocrx_word' id='word_1_218' title='bbox 1174 3835 1247 3899; x_wconf 89' lang='lat' dir='ltr'>T.</span> <span class='ocrx_word' id='word_1_219' title='bbox 1277 3837 1615 3904; x_wconf 84' lang='lat' dir='ltr'>Praeterea</span> <span class='ocrx_word' id='word_1_220' title='bbox 1639 3844 2212 3906; x_wconf 83' lang='lat' dir='ltr'>animadvertenda</span> <span class='ocrx_word' id='word_1_221' title='bbox 2241 3852 2334 3906; x_wconf 91' lang='lat' dir='ltr'>est</span> <span class='ocrx_word' id='word_1_222' title='bbox 2361 3845 2736 3922; x_wconf 78' lang='lat' dir='ltr'>proximitas</span> <span class='ocrx_word' id='word_1_223' title='bbox 2758 3846 2861 3905; x_wconf 83' lang='grc' dir='ltr'>αὐτ</span> <span class='ocrx_word' id='word_1_224' title='bbox 2874 3853 2946 3905; x_wconf 78' lang='grc' dir='ltr'>οῦ</span> 
     </span>
     <span class='ocr_line' id='line_1_29' title="bbox 817 3943 1776 4032; baseline 0.008 -29"><span class='ocrx_word' id='word_1_225' title='bbox 817 3943 1274 4024; x_wconf 75' lang='lat' dir='ltr'>imprimisque</span> <span class='ocrx_word' id='word_1_226' title='bbox 1301 3944 1544 4032; x_wconf 79' lang='grc' dir='ltr'>ἀδελφοῦ·</span> <span class='ocrx_word' id='word_1_227' title='bbox 1575 3950 1658 4030; x_wconf 83' lang='grc' dir='ltr'>(ν.</span> <span class='ocrx_word' id='word_1_228' title='bbox 1696 3948 1776 4030; x_wconf 86' lang='grc'>6).</span> 
     </span>
    </p>
   </div>
   <div class='ocr_carea' id='block_1_5' title="bbox 1682 4139 2064 4215">
    <p class='ocr_par' dir='ltr' id='par_1_8' title="bbox 1682 4139 2064 4215">
     <span class='ocr_line' id='line_1_30' title="bbox 1682 4139 2064 4215; baseline -0.008 -13"><span class='ocrx_word' id='word_1_229' title='bbox 1682 4139 1774 4202; x_wconf 86' lang='lat' dir='ltr'>VI</span> <span class='ocrx_word' id='word_1_230' title='bbox 1795 4189 1808 4215; x_wconf 89' lang='lat'>‚</span> <span class='ocrx_word' id='word_1_231' title='bbox 1860 4139 2064 4201; x_wconf 82' lang='lat'><strong>16-17.</strong></span> 
     </span>
    </p>
   </div>
   <div class='ocr_carea' id='block_1_6' title="bbox 894 4323 2943 4410">
    <p class='ocr_par' dir='ltr' id='par_1_9' title="bbox 894 4323 2943 4410">
     <span class='ocr_line' id='line_1_31' title="bbox 894 4323 2943 4410; baseline 0.006 -29"><span class='ocrx_word' id='word_1_232' title='bbox 894 4323 1096 4384; x_wconf 84' lang='lat' dir='ltr'>Locus</span> <span class='ocrx_word' id='word_1_233' title='bbox 1128 4326 1358 4387; x_wconf 79' lang='lat' dir='ltr'>citatus</span> <span class='ocrx_word' id='word_1_234' title='bbox 1394 4325 1623 4406; x_wconf 78' lang='grc' dir='ltr'>(ἔσονται</span> <span class='ocrx_word' id='word_1_235' title='bbox 1653 4362 1730 4372; x_wconf 94' lang='lat'>--</span> <span class='ocrx_word' id='word_1_236' title='bbox 1761 4327 1928 4410; x_wconf 78' lang='grc' dir='ltr'>σάρκα</span> <span class='ocrx_word' id='word_1_237' title='bbox 1966 4327 2113 4409; x_wconf 84' lang='grc' dir='ltr'>μίαν)</span> <span class='ocrx_word' id='word_1_238' title='bbox 2147 4330 2314 4390; x_wconf 89' lang='lat' dir='ltr'>mihi</span> <span class='ocrx_word' id='word_1_239' title='bbox 2364 4329 2764 4408; x_wconf 79' lang='lat' dir='ltr'>parenthesis</span> <span class='ocrx_word' id='word_1_240' title='bbox 2802 4347 2943 4394; x_wconf 81' lang='lat' dir='ltr'>esse</span> 
     </span>
    </p>
   </div>
   <div class='ocr_carea' id='block_1_7' title="bbox 3500 11 3503 600">
    <p class='ocr_par' dir='ltr' id='par_1_10' title="bbox 3500 11 3503 600">
     <span class='ocr_line' id='line_1_32' title="bbox 3500 11 3503 600; baseline 0 0"><span class='ocrx_word' id='word_1_241' title='bbox 3500 11 3503 600; x_wconf 95' lang='lat' dir='ltr'> </span> 
     </span>
    </p>
   </div>
   <div class='ocr_carea' id='block_1_8' title="bbox 3499 1335 3505 3402">
    <p class='ocr_par' dir='ltr' id='par_1_11' title="bbox 3499 1335 3505 3402">
     <span class='ocr_line' id='line_1_33' title="bbox 3499 1335 3505 3402; baseline 0 0"><span class='ocrx_word' id='word_1_242' title='bbox 3499 1335 3505 3402; x_wconf 95' lang='lat' dir='ltr'> </span> 
     </span>
    </p>
   </div>
   <div class='ocr_carea' id='block_1_9' title="bbox 3499 4145 3505 5547">
    <p class='ocr_par' dir='ltr' id='par_1_12' title="bbox 3499 4145 3505 5547">
     <span class='ocr_line' id='line_1_34' title="bbox 3499 4145 3505 5547; baseline 0 0"><span class='ocrx_word' id='word_1_243' title='bbox 3499 4145 3505 5547; x_wconf 95' lang='lat' dir='ltr'> </span> 
     </span>
    </p>
   </div>
  </div>
 </body>
</html>
