3559 5609
762 803 851 852 130
1564 800 1724 859 XIII,
1765 799 2004 858 13-xlv,
2044 799 2085 848 1.

753 918 904 982 licet
943 917 1292 999 (moderate
1334 916 1651 997 quidem),
1686 917 1797 978 sed
1829 915 2142 997 spiritalia
2175 914 2553 994 praesertim
2594 920 2892 993 appetere

746 1025 960 1106 jubet!
996 1023 1183 1087 Godet
1209 1031 1378 1085 recte
1411 1031 1586 1085 notat
1615 1024 2051 1086 diversitatem
2080 1039 2245 1103 quae
2278 1024 2446 1085 inter
2475 1019 2889 1099 significatio-

753 1150 903 1194 nem
946 1153 1005 1193 v.
1039 1134 1258 1191 διώκετε
1286 1148 1678 1210 sensumque
1709 1150 1769 1193 v,
1803 1132 2022 1204 ζηλοῦτε
2055 1136 2302 1192 constat
2335 1147 2350 1190 t
2384 1128 2724 1191 diversitas
2770 1144 2886 1188 au-

754 1247 881 1301 tem
930 1237 1044 1300 illa
1086 1248 1309 1299 contra
1354 1240 1490 1315 ejus
1541 1238 2172 1317 interpretationem,
2217 1236 2353 1299 scil.
2412 1244 2633 1298 contra
2683 1236 2755 1296 T.
2804 1235 2887 1295 R.

750 1344 985 1424 litigat.
2470 1337 2481 1346 ’

781 1441 786 1447 ’
831 1454 1092 1533 Repone
1129 1452 1311 1513 sodes
1345 1470 1359 1512 ἱ
1390 1450 1496 1512 νυνὶ
1542 1449 1634 1526 δὲ,
1674 1453 1730 1510 εἷ
1768 1448 1885 1531 μὲν
1916 1448 2010 1531 (1)
2041 1449 2215 1517 πίστις
2248 1483 2328 1494 -
2360 1454 2564 1524 ταῦτα,
2599 1447 2791 1528 μείζων
2833 1444 2888 1506 δὲ

748 1561 958 1621 πάντων
985 1566 1020 1632 ἡ
1049 1556 1254 1640 ἀγάπη,
1285 1561 1505 1620 διώκετε
1531 1557 1626 1631 τὴν
1660 1556 1894 1638 ἀγάπην.
1927 1560 2161 1631 Ζηλοῢτε
2189 1557 2319 1622 δέ...
2354 1556 2654 1619 Alterum
2698 1572 2887 1617 men·

751 1669 908 1730 dum
938 1669 1007 1729 in
1039 1674 1338 1730 contextu
1375 1667 1482 1727 tali
1514 1664 1600 1746 (ν.
1637 1664 1820 1746 8-12)
1846 1666 2086 1745 optime
2113 1664 2498 1742 intelligitur
2528 1681 2545 1724 :
2581 1662 2888 1725 facillima

750 1775 871 1836 fuit
914 1774 1359 1835 transmutatio
1401 1773 1741 1835 verborum
1796 1777 1842 1834 εἰ
1882 1772 1978 1854 μέν
2018 1774 2087 1833 in
2131 1772 2295 1853 μένει.
2336 1771 2632 1834 Alterum
2672 1779 2887 1833 autem

751 1902 899 1947 cum
935 1864 1643 1962 palaeographia'facile
1675 1880 1948 1961 explicat
1983 1880 2074 1962 (αν
2101 1908 2183 1933 =
2211 1905 2271 1941 ου
2291 1929 2308 1956 ,
2344 1905 2375 1940 τ
2401 1907 2480 1932 =
2507 1905 2567 1941 π.
2605 1913 2683 1924 -
2712 1879 2884 1954 Bast,

766 1987 1136 2070 Vollqraff),
1174 1998 1308 2050 tum
1356 1989 1542 2050 traxit
1580 1988 1960 2067 proximitas
2003 2008 2060 2049 v.
2102 2000 2294 2049 ταῦτα.
2350 1987 2637 2050 Verbum
2677 1985 2887 2048 πάντων

749 2097 1124 2177 frequenter
1158 2097 1227 2157 in
1262 2098 1346 2160 N.
1381 2098 1454 2158 T.
1488 2114 1637 2158 cum
1667 2095 1861 2176 μείζων
1890 2097 2327 2176 conjungitur.

761 2216 766 2219 ’
830 2205 931 2266 Ita
954 2205 1286 2266 restitutus
1309 2223 1369 2264 ν.
1411 2203 1481 2266 13
1514 2221 1650 2265 rem
1678 2203 1940 2266 conficit
1969 2204 2036 2264 in
2070 2223 2132 2266 v.
2161 2203 2186 2263 1
2211 2203 2582 2266 inchoatam
2615 2222 2630 2265 :
2665 2203 2885 2265 confer

753 2313 928 2375 enim
958 2330 1108 2374 cum
1136 2311 1268 2373 illis
1289 2331 1352 2375 v.
1376 2315 1422 2371 εἰ
1451 2310 1546 2391 μέν
1576 2328 1760 2373 voces
1787 2311 1878 2371 ἐάν
1907 2312 1975 2372 in
2007 2330 2067 2373 v.
2113 2312 2165 2387 1,
2191 2312 2225 2371 2
2258 2319 2321 2374 et
2348 2310 2384 2375 3
2411 2319 2470 2373 et
2500 2315 2605 2373 εἴτε
2632 2311 2700 2371 in
2737 2329 2795 2375 ν.
2820 2310 2879 2374 8.

752 2417 1123 2480 Secundum
1156 2435 1369 2479 meam
1401 2418 1997 2498 interpretationem
2028 2417 2305 2479 fideliter
2335 2415 2578 2480 Paulus
2607 2418 2881 2496 logicam

751 2544 810 2587 v.
849 2532 935 2585 νῦν
962 2534 1073 2587 aut
1102 2525 1209 2585 νυνί
1243 2524 1785 2601 significationem
1822 2533 2065 2600 tuetur,
2101 2524 2238 2586 scil.
2278 2549 2306 2582 α
2347 2533 2417 2587 ut
2457 2544 2632 2588 nunc
2675 2543 2776 2588 res
2815 2544 2883 2587 se

749 2633 963 2707 habet,
986 2650 1151 2711 quae
1176 2649 1323 2691 cum
1346 2631 1436 2691 ita
1456 2632 1606 2705 sint,
1634 2631 1752 2694 hac
1774 2649 1992 2693 rerum
2024 2631 2412 2709 conditione,
2438 2650 2588 2694 cum
2616 2649 2767 2695 vero
2795 2633 2882 2693 ita

747 2757 850 2800 res
881 2757 948 2800 se
979 2738 1211 2800 habeat
1245 2763 1271 2794 1>
1304 2737 1622 2819 (Grimm).
1648 2740 1727 2801 V.
1763 2739 1956 2812 XIII,
1994 2740 2274 2817 13-XIV,
2313 2742 2372 2802 1·
2400 2741 2880 2804 conclusionem

749 2846 1037 2909 efficiunt
1070 2865 1083 2907 ε
1121 2864 1287 2925 quae
1335 2863 1481 2907 cum
1515 2846 1604 2907 ita
1645 2847 1808 2920 sint,
1844 2848 2186 2908 sectamini
2235 2848 2588 2909 caritatem.
2623 2882 2702 2893 —
2731 2849 2878 2910 Non

744 2954 1129 3034 interpretor
1164 2972 1178 3013 ε
1207 2978 1237 3010 «
1273 2952 1341 3014 Si
1372 2962 1523 3014 sunt
1558 2953 1748 3030 fides,
1785 2972 1962 3033 speS,
1991 2955 2252 3031 caritas,
2286 2955 2406 3016 tria
2438 2956 2596 3017 haec
2623 2978 2680 3031 »‚
2713 2954 2824 3016 sed
2860 2974 2873 3016 :

747 3086 775 3118 «
805 3062 874 3124 Si
905 3061 1087 3137 fideS‚
1114 3080 1280 3141 speS,
1306 3064 1559 3135 caritaS,
1585 3063 1742 3124 haec
1768 3063 1908 3137 tria,
1947 3061 2099 3124 talia
2121 3071 2273 3124 sunt
2302 3064 2517 3142 qualia
2549 3064 2678 3124 dixi
2699 3062 2815 3144 (2).
2846 3087 2874 3119 r»

742 3160 1103 3232 Recordare
1150 3170 1327 3230 enim
1376 3168 1652 3230 Paulum
1691 3168 2066 3232 Corinthios
2107 3168 2515 3250 compellare.
2557 3169 2877 3232 Corinthii

741 3285 956 3339 autem
996 3283 1189 3337 totam
1233 3277 1373 3354 ejus
1419 3275 1786 3336 doctrinam
1822 3276 2240 3352 audiverant,
2271 3285 2333 3337 et
2375 3277 2596 3356 paucis
2628 3284 2875 3338 tantum

739 3383 951 3444 verbis
984 3399 1142 3461 opus
1172 3389 1330 3456 erat,
1369 3389 1439 3442 ut
1472 3381 1798 3461 extemplo
1828 3383 2100 3463 apostoli
2145 3392 2477 3463 praecepta
2517 3384 2589 3445 in
2628 3400 2872 3446 memo-

738 3490 902 3551 riam
939 3497 1335 3551 revocarent.

819 3598 908 3657 Ex
942 3596 1230 3675 epistulis
1252 3595 1479 3658 eodem
1505 3596 1706 3658 ferme
1732 3604 2015 3678 tempore
2035 3598 2314 3678 scriptia,
2340 3599 2617 3661 Paulum
2640 3599 2876 3661 intelli-

734 3705 952 3783 gimus
988 3721 1237 3775 revera,
1271 3704 1339 3775 in
1375 3724 1436 3764 v.
1471 3703 1639 3781 8-12,
1671 3704 1752 3765 de
1782 3704 1911 3766 fide
1955 3713 2018 3767 et
2064 3705 2143 3767 de
2173 3724 2284 3785 spe
2314 3706 2580 3768 verbum
2616 3707 2869 3783 fecisse,

737 3811 1034 3892 quamvis
1066 3829 1194 3874 nou
1230 3811 1602 3873 nominatis.
1634 3812 1711 3872 In
1746 3814 1782 3872 2
1808 3811 1978 3888 Cor.‚
2010 3811 2090 3887 V,
2118 3812 2153 3871 7
2184 3812 2461 3890 legimus
2488 3832 2501 3874 ε
2527 3812 2612 3873 διὰ
2642 3812 2872 3881 πίστεως

733 3930 1121 4002 περιπατοῦμεν
1150 3920 1208 3978 οὗ
1244 3917 1329 3977 διὰ
1364 3917 1549 3984 εἴδους.
1586 3917 2008 3996 Quacumque
2052 3918 2300 3981 ratione
2339 3917 2503 3987 εἴδους
2547 3919 2867 4000 interpre-

737 4029 916 4105 teris,
949 4026 1098 4106 fides
1136 4035 1349 4088 tamen
1378 4025 1510 4107 (his
1552 4027 1623 4087 in
1669 4026 1881 4106 terris)
1909 4026 2137 4089 visioni
2159 4026 2468 4108 (futurae)
2496 4030 2862 4109 opponitur.

792 4268 860 4331 (1)
891 4266 995 4328 Cf„
1028 4267 1096 4317 de
1140 4241 1442 4319 verborum.
1469 4268 1892 4332 compositione,
1927 4266 2116 4329 Hebr.,
2154 4268 2257 4329 XI,
2293 4269 2476 4328 15-16;
2516 4269 2679 4329 Phil„
2713 4269 2782 4319 11.
2821 4268 2862 4318 1.

791 4358 858 4422 (2)
890 4358 994 4418 Of„
1029 4359 1096 4408 de
1126 4374 1178 4409 v.
1211 4366 1371 4409 ταῦτα
1400 4359 1823 4421 significatione,
1854 4358 1950 4420 VI,
1985 4357 2036 4408 11
2062 4372 2076 4419 ;
2110 4358 2202 4421 IX,
2237 4360 2280 4409 3.
