3559 5609
1575 834 1674 894 xl,
1715 834 1882 885 16-34.
2708 833 2794 882 119

662 970 933 1015 manum
957 952 1306 1027 revocabis,
1334 952 1620 1015 scribens
1649 974 1664 1015 ι
1791 955 1915 1036 ἄχρι
1937 944 1997 1013 05
2027 951 2090 1014 av
2119 953 2264 1035 ἔλθῃ.
2286 930 2437 1014 'sm
2461 954 2516 1022 ὃς
2542 953 2605 1015 av
2634 953 2792 1025 ἀξίως

660 1061 805 1143 ἐσθίῃ
832 1094 911 1108 -
939 1066 1029 1122 τοῦ
1056 1059 1232 1144 κυρίου
1251 1108 1265 1135 ,
1301 1061 1479 1143 ἔνοχος
1506 1095 1587 1106 -
1614 1066 1643 1121 ὅ
1685 1061 1784 1145 γὰρ
1819 1060 2003 1122 ἐσθίων
2029 1060 2121 1123 καὶ
2157 1061 2318 1122 πίνων
2352 1061 2591 1145 κρίμα...
2622 1063 2791 1123 Ani-

660 1168 1021 1231 madvertes
1091 1168 1469 1248 particulam
1515 1169 1578 1229 ἄν
1639 1168 1834 1250 (quae
1884 1177 2034 1230 ante
2081 1169 2206 1251 ἔλθῃ
2267 1168 2586 1250 ponitur).
2641 1187 2790 1231 cum

591 1316 602 1325 ι
659 1292 790 1337 non
822 1274 1012 1353 longe
1044 1275 1128 1337 ah
1155 1274 1315 1346 ἀξίως
1343 1274 1449 1350 sit,
1490 1284 1827 1356 postquam
1859 1276 1987 1339 duo
2018 1275 2176 1339 haec
2205 1277 2400 1339 verba
2445 1277 2684 1340 omissa
2715 1278 2787 1338 in

656 1383 947 1461 margine
998 1382 1319 1462 adscripta
1369 1391 1559 1457 sunt,
1610 1384 1873 1464 propius
1929 1382 2075 1443 adv,
2126 1381 2284 1453 ἀξίως
2331 1384 2631 1446 accedere
2677 1384 2786 1447 de-

653 1491 868 1552 buisse
901 1515 914 1551 :
952 1489 1122 1552 unde
1155 1489 1411 1553 librarii
1440 1497 1748 1570 putarunt
1780 1490 1859 1552 de
1889 1490 2190 1553 adverbio
2216 1491 2442 1562 ἀναξίως
2472 1491 2602 1570 agi.

731 1597 894 1660 Cum
932 1595 1241 1660 Gebhardt
1264 1605 1326 1658 et
1359 1595 1548 1659 Godet
1586 1598 1949 1677 sprevimus
1981 1598 2043 1658 τὸ
2073 1596 2300 1669 ἀναξίως
2331 1618 2390 1659 v.
2427 1600 2523 1661 29.
2561 1599 2784 1680 Expli-

650 1705 815 1767 catio
845 1721 1039 1783 quam
1082 1703 1272 1766 Godct
1296 1704 1376 1765 de
1413 1704 1535 1766 hoc
1562 1722 1623 1765 v.
1660 1705 1880 1781 affert,
1921 1722 2047 1766 non
2082 1704 2291 1767 solum
2336 1707 2620 1769 subdura
2656 1717 2778 1782 est,

649 1819 717 1874 ut
745 1812 881 1892 ipse
915 1811 1106 1874 Godet
1131 1812 1398 1888 fatetur,
1434 1811 1544 1873 sed
1576 1811 1684 1872 vix
1732 1812 2149 1873 admittenda.
2188 1812 2420 1875 Procul
2453 1813 2648 1877 dubio
2678 1832 2788 1876 ne-

645 1920 890 1999 gationi
914 1919 990 2000 μή
1016 1920 1349 1982 interdum
1371 1928 1466 1981 est
1487 1919 1874 1998 significatio
1900 1923 1946 1980 εἰ
1967 1919 2066 1999 μή,
2093 1919 2204 1981 sed
2230 1937 2589 2000 nunquam,
2614 1922 2786 2000 quod

646 2028 869 2105 sciam,
906 2028 975 2088 in
1020 2026 1301 2106 periodis
1343 2025 1442 2087 illi
1488 2025 1840 2088 similibus.
1890 2025 2065 2089 Talis
2116 2035 2211 2088 est
2241 2044 2418 2089 nunc
2452 2027 2524 2088 T.
2574 2030 2680 2102 R„
2715 2037 2788 2091 ut

645 2152 851 2196 unum
882 2151 1146 2196 sensum
1183 2132 1392 2196 solum
1423 2141 1617 2212 atque
1647 2133 1997 2195 absurdum
2032 2133 2267 2195 habere
2292 2135 2492 2213 possit
2518 2152 2783 2197 :omnes

642 2243 754 2321 qui
781 2242 1181 2303 manducant
1200 2258 1275 2303 ac
1299 2240 1536 2303 bibunt
1562 2242 1698 2302 sive
1727 2240 2000 2318 indigne
2023 2240 2161 2302 sive
2183 2241 2378 2319 digne
2403 2241 2584 2321 (quid
2605 2243 2781 2305 enim

640 2348 946 2427 refert?)·
979 2366 1160 2411 suam
1211 2347 1704 2410 damnationem
1756 2354 1819 2408 et
1860 2346 2093 2408 bibunt
2145 2356 2205 2407 et
2253 2348 2665 2411 manducant.
2707 2350 2784 2410 Et

639 2454 891 2535 quare?
922 2456 1076 2534 quia
1104 2471 1333 2517 omnes
1367 2453 1732 2534 promiscue
1774 2461 1968 2533 atque
1998 2452 2346 2515 indiscrete
2375 2472 2605 2534 corpus
2646 2456 2779 2518 Do-

642 2563 806 2625 mini
836 2563 1195 2645 dijudicare
1225 2564 1555 2626 omittunt.

719 2673 1162 2751 Cogitaveram
1213 2671 1498 2751 primum
1544 2671 1623 2733 de
1669 2670 2144 2750 transponendo
2186 2670 2323 2731 leni
2366 2689 2564 2734 manu
2605 2678 2778 2756 ἑαυτῷ

639 2781 801 2864 κρίμα
829 2779 971 2860 (pro
1006 2779 1170 2862 κρίμα
1201 2777 1400 2861 ἑαυτῷ)
1438 2797 1452 2840 :
1492 2801 1520 2833 ιι
1559 2778 1686 2852 Qui
1718 2777 1839 2838 sihi
1879 2777 2224 2839 manducat
2254 2786 2315 2838 et
2341 2779 2523 2854 bibit,
2559 2779 2648 2859 (id
2683 2788 2779 2841 est

640 2887 859 2951 helluo
892 2887 1099 2948 ventri
1141 2884 1422 2966 deditus)
1451 2884 1566 2966 (1),
1602 2885 1949 2946 manducat
1979 2894 2040 2946 et
2082 2885 2244 2945 bibit
2286 2885 2775 2948 damnationem

641 3013 849 3072 suam,
890 3013 1016 3058 non
1055 2993 1422 3076 dijudicans
1462 2992 1729 3054 Domini
1765 3008 2016 3070 corpus.
2060 3015 2089 3046 »
2129 2992 2529 3054 Praestiterit
2563 3002 2774 3054 trans-

637 3104 941 3165 lationem
976 3100 1166 3164 Godet
1193 3102 1504 3179 accipere,
1537 3116 1613 3161 ac
1647 3099 1836 3160 modo
1865 3101 1910 3158 εἰ
1942 3099 2111 3159 inter
2135 3098 2268 3158 πίνει
2299 3105 2359 3160 et
2389 3098 2467 3179 μὴ
2501 3101 2773 3183 διακρίνων

640 3213 974 3273 restituere
1003 3208 1165 3289 (πίνει
1208 3218 1286 3278 <
1312 3213 1357 3268 εἰ
1386 3220 1465 3279 >
1502 3205 1581 3287 μὴ
1615 3205 1841 3288 διακρ.).
1876 3205 2224 3268 Neminem
2262 3207 2425 3285 fugit
2454 3209 2773 3288 quomodo

638 3323 684 3379 εἰ
713 3328 850 3398 post
883 3315 1016 3377 πίνει
1046 3317 1399 3378 evanuerit.

717 3400 1040 3506 Verba&
1081 3423 1354 3502 διακρίνων
1389 3423 1450 3483 τὸ
1493 3435 1650 3501 σῶμα
1694 3422 1858 3483 mihi
1891 3438 2119 3501 parum
2164 3429 2304 3500 apte
2362 3429 2429 3482 ut
2478 3439 2516 3482 a
2562 3422 2767 3484 sauto-
2844 3439 2855 3451 ⁶

640 3536 819 3596 ribus
848 3568 866 3610 ,·
908 3534 999 3597 sic
1041 3534 1121 3594 ab
1171 3531 1563 3593 adversariis
1613 3529 2022 3591 lutherianae
2075 3529 2409 3591 doctrinae
2463 3529 2770 3609 explicari

638 3643 963 3703 videntur.
1002 3639 1173 3715 Quid
1205 3639 1398 3700 refert
1433 3638 1511 3699 de
1547 3636 1661 3698 illo
1691 3653 1946 3717 corpore
1986 3636 2202 3715 loqui,
2244 3654 2392 3698 cum
2430 3653 2559 3697 nou
2592 3638 2766 3698 dica-

641 3757 742 3810 tur
766 3748 1073 3829 quidnam
1111 3747 1191 3807 sit
1220 3762 1448 3825 corpus
1478 3744 1557 3805 de
1583 3762 1710 3824 quo
1744 3760 1956 3805 sermo
1987 3743 2071 3804 sit
2105 3742 2237 3822 (2)?
2270 3743 2437 3816 Quid
2470 3744 2661 3804 refert
2688 3745 2768 3806 de

636 3859 893 3935 corpore
930 3861 1175 3915 tantum
1213 3852 1414 3933 loqui,
1448 3859 1512 3913 at
1546 3868 1674 3913 non
1715 3850 1794 3911 de
1830 3849 2193 3927 sanguiue?
2236 3851 2574 3912 Praeterea
2610 3852 2765 3929 quid

696 4056 759 4119 (1)
792 4056 874 4107 Cf.
901 4056 955 4105 21
990 4070 1000 4103 :
1027 4057 1086 4105 τὸ
1113 4056 1236 4104 ἴδιον
1261 4057 1469 4114 δεῖπνον,
1492 4054 1567 4103 34.
1595 4080 1657 4089 -
1683 4052 1762 4101 De
1794 4068 1845 4102 v.
1869 4053 2030 4116 ἑαυτῷ
2053 4052 2256 4114 signif„
2281 4052 2349 4100 ef.
2378 4051 2511 4101 Luc.
2542 4051 2664 4112 XII,
2684 4052 2759 4102 21.

694 4146 759 4210 (2)
790 4147 920 4196 Scio
948 4147 1204 4209 equidem
1229 4146 1527 4194 nonnullos
1560 4145 1679 4195 cod.
1712 4144 1915 4192 addere
1945 4158 1998 4193 v.
2027 4148 2114 4193 τοῦ
2136 4143 2304 4208 κυρίου
2331 4142 2600 4205 (nonnulli
2633 4159 2762 4206 quo-

631 4251 739 4300 que
766 4236 956 4285 eadem
984 4239 1155 4286 verba
1190 4240 1317 4298 post
1346 4235 1545 4292 ἀναξίως
1586 4234 1654 4297 (v.
1689 4234 1768 4297 27)
1803 4232 2049 4306 addunt).
2086 4233 2481 4296 supplementa
2512 4240 2641 4282 sunt
2672 4248 2762 4283 au-

631 4330 742 4374 tem
768 4324 1138 4373 librariorum.
1172 4324 1271 4372 Illa
1299 4324 1470 4386 igitur
1500 4337 1698 4386 sperne
1728 4327 1792 4372 ut
1832 4325 2108 4371 Gebhardt
2145 4336 2207 4388 ac
2249 4325 2435 4371 Godet.
2472 4322 2664 4372 Lectio
2697 4326 2760 4386 μὴ

629 4414 883 4479 διακρίνων
909 4416 966 4465 τὸ
997 4420 1171 4477 σῶμα,
1200 4415 1319 4463 sine
1353 4418 1441 4463 τοῦ
1465 4412 1665 4481 κυρίου,
1703 4427 1828 4462 cum
1859 4413 1930 4463 sit
1955 4411 2247 4472 difficilior,
2275 4412 2638 4485 praeferenda
2658 4418 2757 4465 est.
