3559 5609
797 856 860 907 88
1696 852 1830 916 vn,
1866 852 2037 902 25-38.

792 996 883 1033 ται
928 988 1164 1034 nomen
1218 972 1445 1056 μέριμνα
1491 971 1796 1033 admovit.
1839 971 2095 1033 Nomen
2140 969 2366 1053 μέριμνα
2419 988 2456 1032 a
2502 971 2684 1053 μερίς,
2737 970 2931 1053 μερίζω

798 1079 1093 1141 trahitur.
1134 1111 1213 1124 —
1249 1078 1494 1141 Sensus
1538 1078 1654 1140 ille
1703 1075 1894 1141 Godet
1936 1095 2201 1139 sensum
2247 1086 2505 1157 superat
2557 1096 2572 1138 :
2623 1101 2651 1132 «
2697 1076 2933 1139 mulier

795 1194 997 1267 nupta
1028 1204 1263 1268 quoquc
1293 1184 1498 1248 divisa
1536 1193 1646 1249 est.
1679 1210 1708 1241 ι
1753 1184 1881 1247 Sed
1929 1201 2251 1264 nusquam
2282 1184 2524 1247 dicitur
2551 1185 2770 1246 virum
2802 1202 2933 1246 ma-

795 1293 1099 1356 trimonio
1137 1293 1558 1373 conjunctum
1594 1291 1874 1353 divisum
1917 1308 2078 1372 esse.
2135 1294 2480 1353 Asseverat
2524 1290 2714 1355 Godet
2757 1307 2932 1354 com-

795 1399 1030 1463 morari
1070 1399 1144 1460 in
1175 1418 1235 1461 v.
1268 1396 1344 1462 33
1389 1396 1766 1476 scriptorem
1813 1398 1886 1458 in
1924 1396 2041 1458 illa
2079 1396 2370 1475 eJusdem
2416 1412 2724 1477 personae
2763 1396 2931 1457 divi-

789 1506 973 1570 sione
998 1506 1069 1566 in
1102 1503 1575 1568 sollicitudines
1603 1503 1962 1568 contrarias
1997 1524 2011 1565 ε
2048 1503 2220 1584 quod
2254 1504 2362 1566 uhi
2399 1503 2567 1566 vidit
2589 1505 2619 1564 ‘t
2648 1504 2937 1567 Profecto

791 1616 956 1679 duae
985 1621 1141 1678 sunt
1165 1614 1529 1676 contrariae
1558 1611 2046 1686 sollicitudines,
2087 1612 2198 1674 sed
2233 1620 2386 1674 sunt
2413 1612 2610 1674 etiam
2646 1612 2811 1674 duae
2839 1611 2938 1673 di-

790 1739 1012 1785 versae
1067 1738 1420 1801 personae:
1462 1744 1491 1776 α
1528 1722 1618 1782 Le
1655 1739 1717 1784 v,
1769 1719 1846 1782 33
1895 1719 2113 1782 venait
2164 1719 2243 1781 de
2287 1726 2579 1783 monti-er
2627 1718 2938 1791 l'homme
3018 1748 3033 1767 κ

788 1833 993 1892 marie
1039 1832 1299 1909 partage
1327 1845 1412 1890 au
1444 1828 1688 1891 dedans
1732 1828 1814 1889 de
1852 1826 2197 1889 lui-meme
2236 1844 2352 1907 par
2401 1828 2512 1889 des
2549 1830 2937 1907 preoccupa-

792 1938 961 2000 tions
992 1937 1277 2000 diverses
1312 1959 1369 1996 ν.
1409 1935 1535 1998 Sed
1567 1935 1666 1996 vir
1715 1952 1845 1998 non
1882 1933 2302 1997 matrimonio
2331 1935 2718 2013 conjunctus
2753 1933 2936 1995 simi-

790 2045 942 2108 liter
996 2042 1345 2108 dividitur!
1406 2044 1514 2131 Ad·
1559 2044 1768 2125 ἄγαμος
1823 2060 1954 2106 non
2011 2041 2234 2104 minus
2285 2061 2486 2123 quam
2544 2043 2625 2103 ad
2687 2042 2940 2123 γαμήσας

795 2157 1035 2232 spectat
1068 2160 1314 2235 μεριμνᾷ.
1369 2151 1456 2212 Ex
1504 2150 1739 2213 horum
1789 2150 1845 2212 si
1886 2149 2037 2229 quis
2079 2149 2460 2233 μεμερισμένος
2510 2157 2609 2211 est
2654 2149 2805 2229 quia
2837 2171 2940 2229 με·

794 2268 973 2344 ριμνᾷ,
1004 2257 1166 2322 alter
1195 2275 1451 2340 quoque
1480 2259 1794 2339 quoniam
1819 2268 2046 2341 μεριμνᾷ
2074 2257 2373 2319 similiter
2405 2265 2503 2319 est
2533 2257 2934 2341 μεμερισμένος.

796 2367 1053 2449 Optime
1091 2367 1355 2447 quidem
1395 2365 1586 2430 Godct
1617 2366 1902 2429 ostendit
1940 2366 2134 2428 verba
2171 2348 2263 2426 καὶΙ
2309 2365 2633 2448 μεμέρισται·
2658 2366 2741 2428 ad
2787 2365 2941 2427 ulti-

795 2491 983 2538 mum
1010 2494 1074 2536 v.
1107 2473 1185 2538 33
1216 2474 1629 2537 enuntiatum
1671 2474 1900 2537 referri
1928 2490 2063 2535 non
2091 2490 2276 2553 posse
2297 2522 2311 2549 ‚
2344 2490 2419 2534 ac
2453 2481 2622 2535 recte
2654 2480 2823 2534 vetat
2856 2489 2940 2534 ne

796 2588 1083 2644 vertatur
1117 2600 1133 2644 ς
1170 2604 1202 2638 α
1234 2581 1573 2644 diversitas
1617 2588 1867 2644 constat
1901 2580 2074 2642 inter
2109 2579 2456 2642 mulierem
2493 2588 2556 2641 et
2595 2581 2940 2659 innuptam

798 2696 910 2755 aut
940 2688 1225 2751 viduam.
1264 2712 1293 2745 n
1332 2688 1481 2752 Sola
1510 2704 1656 2749 mea
1683 2688 1887 2766 igitur
1917 2688 2363 2768 interpretatio
2392 2694 2709 2767 superest.

879 2795 962 2858 In
979 2815 1039 2856 v.
1069 2793 1147 2859 36
1178 2795 1371 2858 verba
1392 2795 1482 2856 καὶ
1507 2793 1672 2863 οὕτως
1700 2794 1898 2878 ὀφείλει
1925 2794 2159 2876 γίνεσθαι
2191 2812 2266 2857 ex
2299 2799 2346 2856 εἰ
2381 2812 2510 2857 non
2539 2795 2847 2876 pendent,
2877 2802 2950 2856 ut

800 2920 1150 2967 commune
1180 2903 1487 2966 creditur.
1535 2904 1707 2965 Nam
1741 2904 1834 2966 sic
1868 2903 2290 2982 interpretata
2337 2903 2419 2964 ad
2459 2903 2945 2984 impediendam

801 3010 1403 3090 obscurandamque
1448 3011 1638 3074 modo
1670 3011 2175 3091 propositionem
2213 3018 2503 3088 prosunt.
2539 3009 2840 3073 Pendent
2869 3029 2946 3072 ex

805 3117 897 3178 ἐάν
927 3117 1091 3180 sicut
1116 3109 1153 3199 ᾗ
1174 3116 1496 3200 ὑπέρακμος.
1536 3118 1684 3180 Non
1715 3117 2137 3198 objectandas
2168 3124 2263 3178 est
2292 3116 2689 3180 indicativus
2719 3117 2949 3180 modus

803 3223 1001 3307 ὀφείλει
1030 3241 1143 3304 pro
1173 3225 1341 3302 subj.
1377 3224 1475 3305 (ut
1511 3215 1595 3305 ᾖ).
1634 3222 1883 3286 Similis
1914 3224 2250 3286 indicativi
2296 3241 2449 3286 usus
2488 3223 2559 3285 in
2604 3224 2688 3285 N.
2732 3225 2804 3284 T.
2844 3224 2949 3283 in-

811 3330 1063 3394 terdum
1102 3331 1417 3409 reperitur
1458 3329 1567 3412 (cf.
1615 3330 1738 3393 lex.
1786 3331 2041 3393 Grimm
2072 3340 2134 3393 et
2166 3331 2460 3395 Gramm.
2504 3348 2627 3394 von
2662 3329 2945 3409 Winer).

811 3439 891 3500 In
932 3437 1207 3517 epistula
1251 3444 1466 3500 nostra
1507 3439 1644 3517 ipsa
1682 3437 1959 3517 legimus
1999 3437 2083 3499 ἵνα
2114 3437 2281 3506 οὕτως
2310 3437 2525 3518 γένηται
2569 3472 2649 3483 -
2681 3436 2716 3511 ἢ
2752 3436 2836 3497 ἵνα
2871 3461 2950 3504 τις

810 3549 1032 3608 κενώσει
1060 3545 1220 3627 (ΙΧ,
1260 3545 1354 3608 15.
1389 3544 1484 3608 Cf.
1524 3563 1691 3626 quae
1718 3546 1801 3607 ad
1833 3546 1900 3609 h.
1938 3545 1981 3606 l.
2016 3545 2207 3627 dico).
2245 3545 2490 3608 Paulus
2526 3545 2677 3607 facit
2707 3551 2949 3625 patrem

811 3652 1018 3715 filiam
1053 3670 1237 3715 suam
1268 3653 1637 3717 existimare
1678 3654 2118 3716 dedecoratam
2151 3677 2183 3710 «
2221 3653 2275 3715 si
2316 3650 2726 3731 superadulta
2766 3653 2850 3713 sit
2891 3659 2954 3712 et

813 3759 904 3825 ita
951 3767 1235 3839 oporteat
1286 3760 1449 3821 fieri.
1489 3785 1516 3816 1>
1555 3760 1728 3835 Quid
1759 3761 1897 3823 ita?
1929 3760 2067 3822 scil.
2107 3760 2164 3820 si
2201 3768 2486 3841 oporteat
2519 3777 2662 3820 eam
2705 3758 2952 3841 παρθένος

818 3884 1218 3947 permanere.
1254 3867 1443 3930 Vocis
1470 3867 1636 3936 οὕτως
1666 3868 2206 3945 significationem
2240 3875 2580 3929 contextus
2603 3866 2710 3946 (cf.
2747 3865 2947 3926 25-40.

812 4005 892 4023 —-
924 3974 1019 4035 IX
1043 4021 1058 4049 ,
1103 3971 1202 4053 15)
1236 3973 1485 4036 definit.
1522 3975 1600 4035 ln
1634 3994 1693 4035 v.
1736 3973 1932 4057 ὀφείλει
1972 3981 2412 4036 commoratur
2442 3973 2646 4035 oratio
2680 3972 2849 4051 quod
2889 3990 2949 4034 v,

816 4081 1005 4166 βρόχον
1037 4102 1095 4143 v.
1137 4082 1212 4147 35
1245 4083 1604 4163 respondet.
1643 4087 1856 4161 Atque
1882 4100 1954 4143 ex
1990 4082 2095 4143 his
2121 4081 2375 4143 duobus
2412 4081 2626 4143 verbis
2665 4080 2955 4155 nascitur

812 4190 1141 4251 conclusio
1177 4189 1366 4251 Pauli
1402 4214 1415 4250 :
1448 4195 1476 4250 ὁ
1506 4189 1649 4250 θέλει
1675 4189 1891 4249 ποιείτω
1912 4234 1929 4264 ,
1960 4189 2062 4270 οὐχ
2091 4190 2293 4272 ἇμαρτ.
2325 4191 2444 4250 κτλ.
2495 4187 2730 4249 Confer
2760 4188 2952 4248 etiam

814 4293 893 4374 μὴ
948 4294 1086 4376 ἔχων
1142 4294 1373 4376 ἀνάγκην
1424 4296 1494 4356 in
1549 4315 1609 4357 v.
1667 4295 1786 4369 37,
1838 4313 2000 4374 quae
2051 4296 2246 4357 verba
2299 4293 2471 4355 male
2525 4292 2949 4373 explicantur.

825 4399 1086 4482 Ἀνάγκην
1147 4404 1350 4464 samaa>
1407 4412 1616 4464 metus
1652 4409 1822 4464 etc...
1878 4399 2120 4482 (Godct)
2171 4418 2299 4464 non
2354 4401 2622 4483 gignere
2675 4405 2951 4483 poterat,
