3559 5609
838 799 900 850 60
1527 844 1539 854 .
1768 799 1872 850 vn
1887 838 1899 860 ‚
1941 800 2043 851 1-5.

840 918 1443 981 contrahendumne
1486 936 1570 979 an
1620 918 1963 980 vitandum
2011 918 2538 993 matrimonium,
2573 901 2719 981 non
2769 917 2972 996 scrip-

842 1027 1032 1088 sisset
1074 1027 1321 1088 Paulus
1363 1025 1458 1099 τὴν
1496 1031 1681 1087 ἑαυτοῦ
1720 1038 1942 1107 γυναῖκα
1965 1074 1981 1102 ,
2025 1027 2135 1088 sed
2173 1024 2450 1107 (ἕκαστος)
2495 1037 2717 1107 γυναῖκα
2758 1026 2924 1108 ἐχέτω
2950 1073 2968 1102 ,

840 1150 971 1196 11011
1003 1131 1250 1214 (ἑκάστη)
1282 1132 1370 1194 τὸν
1407 1133 1533 1193 ἴδιον
1561 1133 1750 1217 ἄνδρα,
1791 1134 1899 1196 Sed
1931 1130 2184 1214 (ἑκάστη)
2212 1133 2371 1217 ἄνδρα
2413 1133 2604 1215 ἐχέτω.
2638 1132 2851 1196 Verba
2879 1131 2973 1205 τὴν

839 1246 1024 1302 ἑαυτοῦ
1054 1266 1166 1322 γυν.
1205 1247 1267 1303 et
1308 1241 1398 1301 τὸν
1434 1240 1561 1302 ἴδιον
1599 1242 1757 1325 ἄνδρα
1803 1259 1932 1303 11011
1978 1242 2326 1303 ostendunt
2367 1241 2581 1303 Solum
2625 1240 2714 1300 τὸν
2754 1240 2972 1300 ἕκαστον

841 1354 902 1412 et
928 1347 1020 1422 τὴν
1050 1349 1276 1423 ἑκάστην
1302 1350 1442 1429 jam
1471 1350 1892 1412 matrimonio
1922 1350 2304 1430 conjunctos
2341 1349 2582 1423 fuisse,
2614 1348 2724 1410 sed
2758 1349 2827 1408 in
2859 1346 2970 1409 illo

840 1456 1170 1538 conjugali
1215 1455 1446 1518 habitu
1482 1457 1844 1519 orationem
1885 1456 2073 1536 quasi
2122 1457 2436 1535 defigunt.
2483 1457 2581 1517 Ita
2621 1475 2682 1518 V.
2726 1458 2761 1514 2
2796 1455 2970 1516 idem

840 1563 1190 1627 consilium
1219 1565 1327 1625 dat
1355 1582 1552 1643 quam
1583 1564 1748 1627 illud
1779 1566 1954 1643 quod
1985 1565 2052 1624 in
2088 1583 2146 1624 v.
2183 1565 2217 1625 5
2249 1564 2519 1643 paulum
2550 1565 2736 1626 aliter
2765 1580 2966 1625 enun-

841 1670 1058 1733 tiatur.
1795 1695 1802 1700 ·

847 1887 931 1949 11⁶
960 1922 1036 1932 —
1068 1888 1192 1949 6-9.
1224 1921 1307 1936 -
1334 1890 1503 1949 Num
1530 1885 1704 1949 vidui
1739 1904 1812 1948 ac
1840 1885 2086 1974 coelibes
2114 1887 2436 1965 utriusque
2466 1904 2662 1949 semus
2692 1884 2970 1949 coelibem

1549 1994 1739 2056 vitam
1766 1995 1971 2056 vivere
2001 1994 2255 2057 debent?

921 2214 1153 2274 Errant
1196 2197 1473 2274 editores
1503 2217 1698 2290 atque
1726 2210 2107 2290 interpretes
2150 2209 2268 2289 qui
2309 2227 2551 2272 novum
2598 2236 2624 2265 α
2665 2210 2877 2272 alinea
2909 2234 2964 2286 »,

840 2320 1013 2401 quod
1042 2319 1306 2396 dicitur,
1341 2320 1410 2381 in
1441 2339 1502 2382 v.
1537 2320 1574 2380 8
1607 2318 1935 2397 incipiunt
1963 2335 2040 2381 ac
2068 2335 2235 2381 verS.
2271 2318 2375 2378 6-7
2408 2334 2558 2379 cum
2590 2337 2650 2382 v,
2685 2318 2786 2378 1-5
2818 2334 2969 2380 con-

842 2433 1128 2491 nectunt.
1168 2429 1245 2488 In
1278 2447 1338 2490 v,
1384 2428 1418 2488 6
1462 2427 1601 2507 jam
1645 2425 1957 2504 incipitur
1999 2443 2165 2488 nova
2213 2425 2549 2504 explicatio
2589 2450 2603 2485 :
2650 2436 2806 2485 τοῦτο
2841 2440 2969 2486 11011

841 2536 921 2597 3(1
947 2535 1150 2610 dicta,
1187 2535 1298 2597 sed
1328 2534 1408 2596 ad
1448 2534 1719 2596 dicenda
1749 2551 1818 2594 se
1858 2534 2070 2596 refert.
2119 2534 2298 2596 Inter
2333 2553 2392 2595 v.
2430 2535 2463 2593 7
2506 2539 2566 2596 et
2596 2534 2633 2595 8
2663 2531 2972 2594 manifes-

842 2648 981 2704 tum
1014 2640 1352 2703 vinculum
1384 2648 1478 2704 est
1506 2666 1518 2701 :
1554 2646 1627 2708 ὡς
1656 2641 1745 2701 καὶ
1778 2639 2005 2721 ἐμαυτόν
2039 2677 2117 2686 -
2146 2647 2218 2709 ὡς
2247 2639 2417 2722 κάγώ.
2454 2642 2534 2704 V.
2575 2641 2609 2700 7
2644 2639 2974 2719 parenthe-

842 2749 933 2812 sis
979 2755 1108 2824 est,
1164 2766 1332 2829 quae
1379 2749 1649 2828 explicat
1695 2767 1896 2828 quare
1946 2749 2195 2811 Paulus
2255 2749 2505 2811 nullam
2557 2749 2810 2830 ἐπιταγήν
2866 2766 2974 2810 ex-

841 2857 1245 2936 prompserit.
1304 2856 1502 2919 Prius
1552 2856 1608 2917 δέ
1650 2876 1709 2917 v,
1755 2858 1787 2917 7
1840 2857 1919 2918 ad
1963 2858 2349 2935 categoriam
2395 2857 2661 2919 illorum
2702 2857 2974 2935 pertinet

841 2982 1009 3045 quae
1036 2965 1275 3028 Grimm
1303 2965 1409 3027 his
1439 2966 1650 3029 verbis
1679 2965 1977 3028 enucleat
2007 2991 2019 3026 ε
2061 2989 2088 3021 <1
2125 2966 2329 3029 Infert
2355 2966 2815 3045 explicationes
2844 2983 2974 3027 eas-

840 3090 968 3154 que
996 3074 1077 3135 ab
1107 3074 1191 3136 iis
1216 3123 1230 3150 ,
1268 3091 1435 3153 quae
1465 3072 1842 3152 explicanda
1876 3080 2063 3149 sunt,
2112 3074 2426 3149 secernit,
2474 3073 2754 3135 maxime
2788 3078 2970 3135 nota·-

840 3183 1052 3243 tiones
1095 3187 1156 3243 et
1193 3180 1651 3260 explicationes
1700 3181 2087 3259 expositioni
2136 3181 2576 3260 interpositaS,
2625 3195 2738 3242 aut
2787 3179 2973 3260 quasi

842 3288 1217 3367 apperdicis
1260 3287 1399 3349 loco
1445 3288 1703 3349 additis.
1747 3289 1890 3362 Quo
1927 3305 2054 3349 usu
2097 3287 2449 3367 particulae
2492 3288 2736 3350 factum
2772 3293 2866 3349 est
2905 3291 2975 3347 ut

842 3393 1017 3457 haud
1054 3411 1198 3456 raro
1226 3394 1296 3454 in
1328 3394 1512 3456 codd.
1552 3394 1767 3466 (etiam
1800 3395 2220 3471 profanorum
2256 3394 2668 3474 scriptorum)
2698 3394 2967 3457 confun-

843 3503 1103 3566 deretur
1130 3520 1278 3564 cum
1301 3502 1422 3585 γάρ.
1460 3526 1488 3556 »
1523 3502 1842 3564 Similiter
1870 3501 2033 3564 illud
2050 3503 2107 3563 δέ
2136 3503 2202 3564 111
2237 3522 2297 3565 v.
2334 3504 2370 3565 8
2397 3504 2567 3565 idem
2599 3502 2766 3565 valet
2785 3508 2976 3580 atque

843 3609 957 3672 illa
986 3610 1043 3671 δέ
1066 3627 1233 3690 quae
1262 3610 1352 3670 ita
1380 3610 1838 3688 interpretatur
1870 3611 2107 3672 Gr‘imm
2143 3636 2154 3671 :
2198 3635 2224 3665 «
2256 3613 2408 3674 Post
2434 3611 2847 3690 parenthesin
2875 3609 2970 3671 vel

844 3718 1306 3798 expositionem
1340 3735 1507 3797 quae
1531 3736 1569 3779 a
1600 3736 1697 3794 re,
1730 3719 1810 3781 de
1832 3737 1961 3799 qua
1989 3720 2227 3797 agitur,
2261 3721 2634 3796 abduxerat,
2668 3719 2973 3797 recipien-

844 3826 962 3888 dae
1007 3827 1286 3888 orationi
1334 3827 1627 3888 inservit.
1684 3850 1714 3881 »
1768 3826 2157 3905 Significant
2206 3827 2410 3904 igitur
2460 3826 2651 3888 Pauli
2705 3825 2899 3887 verba
2956 3847 2968 3882 ε

848 3958 878 3989 «
913 3934 1088 3995 Haec
1132 3941 1283 3995 sunt
1316 3951 1483 4012 quae
1528 3935 1672 3996 dico
1723 3935 2087 3996 secundum
2134 3934 2652 4012 indulgentiam,
2706 3950 2836 3994 non
2876 3947 2976 3993 se-

845 4189 923 4237 113
960 4193 1173 4247 essent,
1215 4202 1384 4251 quare
1427 4193 1677 4238 moneret
1717 4190 1843 4237 illos
1883 4189 1977 4250 qui
2018 4189 2291 4237 charisma
2330 4187 2594 4237 connubii
2636 4185 2974 4248 acceperint,

842 4277 1049 4327 rectius
1087 4277 1332 4326 facturos
1367 4291 1488 4326 esse
1525 4278 1572 4326 si
1607 4279 1876 4328 coelibem
1915 4278 2083 4327 vitam
2124 4291 2286 4341 agere
2317 4275 2593 4342 pergant?
2622 4273 2977 4323 Admirabilis

846 4366 1350 4418 contradictionum
1382 4367 1742 4429 compositio!
