3559 5609
850 877 943 930 ¹38
1786 875 1934 939 XIV,
1971 877 2049 928 38.

1743 1100 1939 1177 XIV,
1978 1098 2075 1163 38.

927 1322 968 1384 J
973 1338 1081 1383 am
1107 1317 1428 1405 intellexit
1461 1316 1651 1379 Godet
1675 1317 2018 1380 lectionem
2040 1321 2306 1397 ἀγνοεῖται
2328 1333 2526 1397 quam
2555 1313 2862 1376 Gebhardt
2883 1330 2982 1375 ac-

851 1428 1054 1510 cepit,
1088 1428 1359 1489 minime
1387 1443 1527 1488 esse
1559 1425 2026 1504 accipiendam.
2067 1423 2177 1486 Illi
2214 1432 2428 1486 tamen
2454 1440 2585 1486 non
2611 1422 2842 1485 accedo
2871 1422 2984 1501 qui

847 1535 1126 1615 praefert
1151 1534 1495 1596 lectionem
1525 1532 1779 1613 ἀγνοείτω
1812 1533 1897 1613 (Β
1920 1533 1970 1593 Ε
1989 1533 2051 1593 Κ
2071 1532 2175 1610 L).
2212 1530 2442 1614 Saepe,
2473 1531 2584 1593 sed
2608 1529 2984 1611 praesertim

847 1642 919 1702 in
955 1641 1022 1702 h.
1059 1640 1104 1702 l.
1127 1640 1314 1703 lectio
1344 1640 1672 1703 difficilior
1700 1639 1978 1702 faciliori
2012 1640 2453 1718 praeferenda.
2491 1640 2706 1701 Lectio
2733 1636 2985 1718 ἀγνοείτω

847 1750 1050 1826 igitur
1092 1748 1446 1828 reJ'icienda
1490 1756 1586 1811 est
1629 1747 1742 1828 (1).
1799 1748 2100 1809 Ceterum
2143 1747 2508 1825 intelligere
2554 1763 2805 1827 nequeo
2858 1763 2985 1824 quo

846 1864 1026 1936 pacto
1076 1855 1235 1917 haec
1278 1855 1463 1918 lectio
1501 1863 1830 1935 tantopere
1880 1852 2070 1917 Godet
2107 1855 2373 1934 placeat.
2435 1855 2567 1916 Vox
2613 1859 2829 1915 autem
2878 1851 2981 1932 ἀγ-

842 1974 1076 2038 νοεῖται,
1109 1964 1406 2042 quamvis
1437 1963 1576 2041 ipsa
1608 1980 1736 2024 non
1766 1961 2138 2042 accipienda
2167 1963 2283 2035 sit,
2318 1961 2598 2024 ostendit
2624 1961 2979 2040 genuinam

842 2069 1208 2132 lectionem.
1247 2068 1541 2130 Emenda
1570 2069 1872 2131 audacter
1904 2090 1919 2131 ε
1952 2066 2208 2149 ἀγνοεῖτε.
2253 2092 2281 2124 α
2316 2068 2639 2146 Ignoretis
2674 2091 2702 2123 n
2740 2067 2983 2145 cogita-

842 2177 952 2239 bat
983 2175 1227 2238 Paulus
1249 2223 1269 2253 ,
1303 2194 1432 2238 non
1460 2176 1738 2255 profecto
1772 2200 1800 2231 α
1840 2176 2151 2254 ignoretis
2188 2176 2241 2237 si
2271 2176 2418 2254 quis
2447 2177 2700 2253 ignoret
2729 2182 2985 2236 senten-

847 2283 965 2345 tias
995 2301 1032 2344 a
1075 2302 1177 2345 me
1208 2301 1536 2364 expressas
1584 2307 1614 2340 »
1640 2330 1657 2360 ‚
1690 2286 1804 2347 sed
1852 2310 1881 2340 ιι
1932 2284 2248 2362 ignoretis
2277 2283 2466 2346 illum
2500 2282 2610 2362 qui
2640 2299 2784 2345 mea
2817 2281 2985 2345 dicta

842 2391 1142 2470 ignorare
1172 2390 1359 2454 volet.
1410 2415 1438 2446 a>
1487 2391 1561 2452 Id
1594 2399 1688 2453 est
1736 2415 1763 2447 α
1812 2392 1865 2452 si
1900 2392 2045 2471 quis
2090 2408 2219 2452 non
2262 2390 2610 2469 diligenter
2639 2388 2982 2470 epistulam

840 2499 1114 2559 attendit
1152 2516 1364 2559 meam
1392 2547 1406 2574 ,
1454 2497 1640 2558 illum
1685 2515 1813 2559 non
1859 2498 2156 2577 respicite
2205 2522 2233 2554 »
2281 2495 2396 2577 (2).
2446 2486 2722 2558 Litterae
2765 2521 2821 2556 αι
2854 2503 2918 2558 et
2958 2522 2984 2556 ε

842 2603 1166 2679 similiter,
1197 2604 1311 2666 illo
1334 2614 1641 2683 tempore,
1674 2610 1858 2666 erant
1888 2622 2241 2684 expressae.
2277 2604 2712 2679 Quamobrem
2742 2604 2813 2664 in
2841 2603 2978 2665 cod.

840 2711 1147 2791 frequens
1180 2711 1595 2773 commutatio
1624 2712 1902 2774 occurrit
1931 2718 2022 2771 τοῦ
2050 2736 2107 2771 αι
2141 2712 2213 2772 in
2245 2736 2270 2771 ε
2298 2719 2411 2773 aut
2440 2723 2535 2771 τοῦ
2565 2736 2591 2772 ε
2623 2712 2692 2772 in
2724 2736 2801 2771 αι.
2846 2709 2981 2793 Ἀγ-

840 2829 1008 2880 νοεῖτε
1033 2819 1237 2897 igitur
1270 2819 1511 2881 factum
1542 2822 1637 2880 est
1667 2817 1954 2899 ἀγνοεῖται,
1983 2836 2078 2893 ac,
2104 2819 2479 2881 confusione
2507 2844 2563 2879 αι
2591 2827 2652 2880 et
2683 2843 2728 2878 ω
2758 2817 2978 2900 (Bast),

844 2925 1029 2988 lectio
1077 2930 1379 3006 ἀγνοεῖται,
1425 2944 1620 3007 quam
1675 2926 1925 2988 librarii
1974 2925 2270 3006 expedire
2306 2943 2438 2989 non
2480 2934 2864 3006 potuerunt,
2909 2926 2983 2987 in

841 3031 1094 3114 ἀγνοείτω
1133 3042 1374 3096 mutata
1404 3043 1501 3096 est
1535 3053 1550 3095 :
1581 3033 2028 3095 animadverte
2077 3050 2339 3112 quoque
2374 3049 2527 3095 voce
2560 3031 2768 3114 ὥ(στε)
2796 3031 2981 3114 quasi

844 3150 1075 3203 tactam
1100 3159 1237 3204 esse
1267 3157 1489 3203 vocem
1522 3140 1779 3223 ἀγνοεῖτε.

907 3367 975 3431 (1)
1004 3367 1325 3429 Praeterea,
1357 3372 1421 3415 ut
1450 3370 1620 3416 Godet
1649 3368 1769 3430 ipse
1801 3368 2031 3430 fatetur,
2067 3368 2147 3416 illi
2182 3368 2277 3431 qui
2324 3369 2465 3417 hanc
2507 3367 2802 3418 lectionem
2833 3369 2979 3417 acci-

844 3457 1034 3521 piunt,
1068 3470 1290 3505 causam
1320 3455 1576 3505 lectionis
1606 3458 1862 3519 ἀγνοεῖται
1890 3458 2142 3506 invenire
2180 3461 2481 3521 nequeunt.
2518 3457 2579 3507 Si
2617 3459 2800 3521 reipsa
2836 3458 2980 3507 foret

844 3546 1083 3609 ἀγνοείτω
1113 3546 1277 3594 lectio
1308 3545 1552 3608 genuina
1570 3584 1582 3607 ,
1615 3546 1982 3608 intelligerem
2013 3560 2145 3595 sane
2174 3547 2518 3596 vicinitatem
2541 3548 2698 3596 verbi
2727 3534 2857 3597 ὥστε
2875 3584 2887 3603 ,
2920 3551 2981 3594 ut

845 3636 1105 3698 opinatur
1164 3639 1378 3695 Meyer,
1425 3634 1675 3684 effecisse
1725 3640 1788 3684 ut
1845 3653 2084 3699 αγνοειτω
2131 3637 2190 3684 in
2238 3653 2434 3700 αγνοειτ
2479 3641 2747 3685 mutatum
2792 3635 2976 3687 fuerit.

848 3724 1074 3775 Scribae
1105 3724 1328 3788 quidem
1357 3725 1566 3788 aliquid
1594 3725 1655 3773 in
1685 3739 1750 3773 eo
1787 3727 1910 3775 loco
1936 3725 2130 3775 deesse
2161 3726 2477 3775 existimare
2521 3728 2822 3788 potuerunt
2838 3737 2851 3785 ;
2880 3724 2979 3774 sed

845 3814 1124 3877 quomodo
1155 3815 1264 3863 illis
1290 3815 1350 3863 in
1378 3819 1617 3864 mentem
1646 3815 1840 3864 venire
1870 3816 2070 3877 potuit,
2095 3816 2244 3864 illam
2273 3817 2525 3864 lacunam
2552 3829 2678 3865 cum
2700 3815 2900 3863 litteris
2926 3834 2977 3866 αι

846 3905 1086 3968 explere,
1112 3904 1229 3953 scil.
1253 3906 1486 3953 verbum
1511 3904 1806 3967 (ἀγνοεῖται)
1828 3905 2071 3953 scribere
2092 3905 2240 3967 quod
2262 3905 2487 3953 omnino
2510 3918 2679 3953 sensu
2698 3904 2894 3954 vacat?
2916 3930 2978 3941 ....

845 3995 985 4044 Cum
1028 3995 1175 4044 hunc
1217 3998 1467 4043 nostrum
1509 3999 1547 4043 t.
1591 4009 1716 4044 cum
1757 3997 1944 4055 Διδακή
1985 3994 2123 4058 (cap.
2156 3995 2223 4058 X)
2261 3997 2525 4045 confero:
2560 3997 2601 4046 εί
2637 4013 2709 4053 τις
2742 3997 2832 4046 οὐκ
2869 3997 2976 4047 ἐστι

843 4084 979 4147 (scil.
1012 4084 1184 4147 ἅγιος),
1219 4084 1539 4146 μετανοείτω,
1572 4085 1686 4133 fere
1717 4086 1898 4148 placet
1928 4084 1986 4133 in
2018 4085 2038 4133 1
2071 4084 2220 4148 Gor„
2245 4085 2390 4146 XIV,
2418 4085 2477 4135 38
2506 4100 2727 4149 quoque
2751 4102 2801 4136 v.
2832 4103 2974 4149 μετα-

844 4174 1018 4224 νοείτω
1043 4187 1331 4237 reponere.
1358 4174 1430 4224 At
1452 4189 1564 4224 non
1588 4175 1947 4238 perspicuum
1969 4179 2052 4223 est
2074 4189 2184 4237 quo
2207 4177 2371 4226 modo
2390 4176 2590 4226 menda
2608 4180 2737 4226 nata
2757 4176 2970 4234 fuisset,

846 4263 1047 4312 deinde
1078 4262 1488 4312 desideraretur
1522 4263 1803 4326 oppositio
1833 4264 1926 4312 illa
1955 4277 2096 4325 quae
2125 4265 2271 4313 inter
2301 4264 2438 4315 duas
2467 4281 2519 4317 v.
2551 4267 2743 4329 ἀγνοεῖν
2770 4265 2973 4328 figuras

845 4356 1078 4401 constat.

905 4441 972 4505 (2)
1001 4440 1084 4492 Of.
1113 4442 1180 4501 V,
1213 4441 1367 4502 9-11;
1399 4442 1525 4502 Tit„
1561 4442 1657 4505 111,
1693 4441 1878 4502 10-11;
1911 4441 1941 4491 2
1971 4441 2115 4502 Joh„
2153 4443 2318 4494 10-11.
