3559 5609
804 837 866 888 76
1696 836 1801 890 vn
1816 874 1830 899 ‚
1869 837 2037 888 18-24.

805 973 957 1021 cum
991 958 1180 1020 22-24
1218 956 1289 1017 in
1338 957 1468 1020 duo
1512 957 1878 1035 fragmenta
1918 956 2282 1030 discedere,
2335 957 2550 1018 20-22·
2590 956 2837 1019 scilicet
2869 960 2928 1019 et

805 1061 1020 1127 22b-24
1047 1113 1061 1139 ,
1105 1065 1197 1126 ita
1236 1070 1307 1126 ut
1337 1064 1559 1127 omnia
1593 1063 1903 1127 omnibus
1950 1063 2215 1143 paribus
2256 1064 2434 1142 paria
2478 1063 2926 1143 respondeant.

805 1173 883 1236 In
915 1174 1110 1255 ὁμοίως
1148 1173 1297 1236 latet
1340 1173 1764 1252 separationis
1803 1180 2118 1252 punctum
2147 1190 2220 1235 ac
2249 1173 2437 1251 quasi
2468 1177 2714 1233 sutura.
2763 1170 2930 1233 Cum

803 1282 876 1343 in
909 1282 1117 1343 20-22·
1148 1297 1360 1343 sermo
1395 1280 1478 1341 sit
1509 1280 1588 1343 de
1621 1280 1755 1342 illis
1784 1281 1899 1360 qui
1930 1279 2100 1342 servi
2128 1279 2332 1342 vocati
2379 1287 2573 1353 sunt,
2607 1278 2676 1339 in
2715 1277 2934 1338 22b-24

804 1388 884 1451 de
910 1388 1045 1449 illis
1074 1388 1188 1467 qui
1219 1387 1396 1451 liberi
1423 1394 1577 1451 sunt
1607 1388 1813 1451 vocati
1861 1404 2073 1450 sermo
2119 1393 2235 1449 est.
2277 1389 2572 1449 Duorum
2606 1386 2934 1464 fragmen-

803 1502 1019 1560 torum
1054 1498 1210 1560 ordo
1248 1504 1688 1579 praeposterus
1723 1502 1837 1559 est.
1873 1496 2228 1557 Enuntiata
2259 1514 2318 1555 v.
2353 1478 2435 1556 ’20
2481 1501 2541 1556 et
2585 1494 2660 1553 ‘24
2711 1493 2932 1555 eadem

804 1610 987 1678 sunt,
1018 1610 1079 1665 et
1112 1609 1320 1665 totum
1357 1604 1525 1666 inter
1560 1603 1673 1665 illa
1708 1603 2040 1666 inclusum
2074 1602 2291 1665 locum
2325 1603 2511 1682 quasi
2542 1601 2928 1680 gubernant.

800 1710 1178 1791 symmetria
1228 1710 1396 1772 hanc
1444 1711 1803 1773 sententiae
1851 1711 2257 1773 iterationem
2303 1709 2575 1788 explicat
2621 1726 2826 1789 quae,
2862 1708 2934 1770 ni

803 1818 893 1879 ita
928 1835 997 1880 se
1044 1835 1146 1880 res
1193 1817 1492 1893 haberet,
1536 1817 1636 1879 bis
1680 1817 1956 1897 exprimi
2007 1835 2138 1880 non
2183 1818 2473 1881 debebat.
2532 1819 2933 1898 praepostera

799 1927 1162 2006 symmetria
1219 1923 1489 2003 explicat
1543 1942 1744 2005 quare
1788 1943 1824 1988 e
1881 1925 2138 1989 duobus
2189 1924 2326 1987 illis
2383 1924 2934 2004 propositionibus

801 2029 905 2112 (20
941 2038 1002 2093 et
1035 2031 1136 2110 24)
1171 2050 1303 2093 una
1334 2031 1773 2110 fragmentum
1808 2032 2030 2094 20-22·
2055 2032 2340 2114 incipiat,
2368 2025 2690 2093 con’cludat
2714 2037 2934 2094 contra

801 2137 1241 2216 fragmentum
1283 2138 1503 2200 22b-24
1550 2139 1771 2202 altera.
1814 2141 1939 2203 Pro
1985 2140 2207 2202 eadem
2238 2146 2634 2221 praepostera
2666 2154 2929 2220 symme-

801 2246 957 2323 tria,
997 2245 1219 2309 ultima
1263 2248 1608 2327 fragmenti
1656 2247 1875 2308 20-22·
1907 2249 2258 2328 propositio
2298 2246 2720 2327 propositioni
2754 2246 2930 2323 frag-

802 2355 1006 2416 menti
1036 2352 1256 2416 22b-24
1282 2356 1524 2436 primae
1555 2355 1934 2435 respondet,
1970 2371 2201 2434 nempe
2230 2354 2335 2416 22·
2365 2361 2426 2417 et
2454 2353 2561 2415 22¹³
2597 2354 2724 2424 sibi
2754 2353 2930 2415 invi-

801 2473 940 2523 cem
971 2461 1359 2541 respondent
1396 2486 1409 2523 :

1162 2569 1268 2629 22·
2465 2569 2572 2631 22¹»

959 2673 1166 2747 κληθεὶς
1191 2676 1376 2742 δοῦλος
1385 2720 1717 2736 ......
1752 2684 1767 2696 ”
1775 2722 2184 2738 .......
2276 2676 2538 2761 ἐλεύθερος
2566 2678 2773 2752 κληθείς

960 2779 1302 2865 ἀπελεύθερος
1329 2783 1527 2866 κυρίου.
1579 2830 1593 2845 .
1641 2833 1654 2845 .
1696 2792 1703 2796 '
1708 2829 2192 2847 ........
2277 2787 2458 2854 δοῦλος
2487 2783 2719 2869 Χριστοῦ

881 2887 1134 2968 Conjici
1180 2896 1383 2973 potest
1429 2891 1557 2953 sibi
1603 2892 1889 2955 invicem
1945 2891 2010 2954 21
2064 2897 2125 2954 et
2164 2890 2237 2955 23
2296 2892 2682 2971 respondere
2739 2917 2750 2952 z
2810 2892 2931 2955 hoc

801 2996 1090 3075 exegesis
1122 2998 1527 3076 argumentis
1556 2999 1988 3061 confirmabit.

882 3104 1181 3167 Primum
1229 3106 1612 3170 accedamus
1655 3109 1735 3169 ad
1772 3107 2211 3186 fragmentum
2249 3131 2261 3167 ε
2309 3106 2536 3169 20-22·.
2594 3108 2645 3168 Ε
2675 3107 2930 3171 duobus

804 3228 973 3291 quae
1022 3212 1261 3273 dantur
1307 3214 1391 3276 de.
1430 3232 1490 3274 v.
1544 3213 1651 3276 21¹³
1687 3213 2365 3294 interpretationib11S‚
2421 3231 2816 3294 unaquaque
2856 3232 2931 3277 ex

801 3322 978 3396 parte
1006 3317 1341 3380 veritatem
1372 3319 1679 3383 continet.
1714 3321 1868 3385 Una
1911 3321 2075 3384 hene
2103 3326 2150 3383 εἰ
2177 3321 2269 3382 καί
2304 3322 2525 3397 vertit,
2560 3321 2760 3384 altera
2789 3338 2931 3385 sen·

803 3439 948 3484 sum
986 3441 1047 3484 V.
1091 3427 1294 3504 μᾶλλον
1325 3431 1522 3509 χρῆσαι
1551 3427 1864 3491 discernit
1899 3428 2221 3507 (quamvis
2251 3445 2381 3491 non
2420 3428 2691 3491 omnino
2720 3429 2932 3490 videat

803 3547 1013 3610 neque
1041 3535 1500 3610 grammaticae
1534 3533 1722 3613 plane
1761 3533 2164 3616 satisfaciat).
2194 3537 2468 3598 Duabus
2490 3535 2597 3599 his
2624 3536 2931 3614 interpre-

798 3638 1063 3701 tationis
1091 3639 1376 3717 partibus
1408 3644 1797 3721 conJ‘unctiS,
1833 3643 2166 3706 veritatem
2199 3643 2520 3705 invenies,

879 3744 1067 3819 Quod
1100 3746 1179 3807 ad
1210 3749 1258 3808 εἰ
1294 3746 1385 3809 καί
1424 3748 1686 3825 attinet,
1740 3749 2062 3829 praeclare
2094 3748 2284 3811 Godet
2319 3750 2548 3812 asserit
2585 3768 2623 3810 a
2678 3739 2931 3811 Passow

800 3850 1229 3915 demonstrari
1261 3871 1447 3917 voces
1476 3859 1522 3916 εἰ
1545 3856 1639 3917 καί
1667 3874 1854 3935 posse
1883 3857 1942 3919 si
1968 3864 2169 3919 tamen
2201 3856 2362 3919 verti
2397 3881 2410 3916 ι
2447 3857 2656 3935 ipsius
2685 3858 2931 3919 Passow

799 3958 994 4021 verba
1024 3960 1418 4038 perpendant
1451 3963 1774 4024 increduli
1805 3963 1877 4042 (t.
1920 3963 2022 4036 11,
2062 3981 2121 4040 p.
2163 3962 2363 4041 1510).
2397 3963 2533 4025 Nec
2559 3963 2719 4024 forte
2753 3960 2929 4022 diffi-

801 4064 1125 4127 cillimum
1157 4066 1318 4130 foret
1347 4070 1683 4132 ostendere
1714 4068 2068 4131 nonnullos
2093 4069 2171 4129 N.
2210 4068 2283 4129 T.
2315 4070 2491 4131 locos
2510 4070 2625 4148 qui
2656 4067 2930 4147 plerum·

800 4187 928 4249 que
959 4173 1323 4234 afferuntur
1354 4180 1664 4253 tanquam
1700 4174 1983 4255 quamvis
2020 4181 2131 4236 aut
2166 4176 2408 4238 etiamsi
2441 4175 2927 4252 significanteS,

799 4293 930 4339 non
977 4277 1189 4340 solum
1227 4279 1393 4358 pati,
1448 4282 1557 4343 sed
1607 4281 1802 4343 etiam
1849 4281 2248 4359 expostulare
2292 4281 2838 4359 significationem
2876 4279 2935 4340 si

804 4391 1028 4453 tamen.
1079 4384 1267 4451 Certo
1297 4387 1538 4452 certius
1581 4395 1799 4451 errant
1841 4389 1961 4478 ‘qui
2004 4389 2492 4454 translationem
2535 4388 2708 4452 verb.
2758 4391 2804 4450 ιί
2840 4387 2933 4449 καί
