3559 5609
809 794 869 844 54
1753 791 1831 841 VI
1847 829 1860 854 ,
1896 791 2002 842 2-4.

807 909 1302 989 significatione.
1343 908 1592 987 Pagani
1632 907 1886 988 judices
1915 908 1986 969 in
2015 907 2123 970 his
2153 906 2432 986 negotiis
2462 906 2720 987 judices
2749 906 2938 968 modo

807 1024 1020 1094 erunt,
1050 1016 1106 1077 si
1137 1015 1479 1078 christiani
1511 1016 1659 1078 illos
1685 1016 1942 1095 judices
1972 1015 2398 1078 constituunt.
2435 1014 2615 1078 Usus
2645 1033 2704 1074 v.
2742 995 2939 1084 καθίζω

805 1125 976 1187 hauc
1018 1124 1609 1203 interpretationem
1657 1124 2018 1186 confirmat.
2073 1123 2170 1182 Ita
2214 1122 2440 1193 καθίζειν
2496 1121 2558 1181 τὸ
2613 1120 2940 1200 δικαστήριον

804 1231 1130 1309 significat
1155 1232 1415 1313 judices
1446 1247 1798 1295 convocare
1830 1234 1943 1290 aut
1972 1244 2363 1307 congregare
2386 1263 2463 1273 —
2488 1218 2768 1308 judices,
2800 1228 2845 1289 i.
2880 1244 2936 1290 e.

802 1337 1102 1401 homines
1136 1338 1273 1419 jam
1303 1339 1384 1400 ab
1413 1340 1564 1401 aliis
1595 1337 1855 1418 judices
1884 1332 2268 1398 constitutos
2295 1334 2399 1412 (ad
2434 1335 2735 1410 verbum,
2764 1334 2941 1414 judi-

799 1463 904 1510 ces
934 1448 1154 1511 sedere
1178 1446 1457 1527 jubere).

879 1552 935 1616 3.
984 1554 1264 1616 Auctore
1310 1552 1523 1627 Godet‚
1565 1553 1760 1616 verba
1799 1550 2023 1622 ἐξουθεν.
2068 1553 2122 1611 ἐν
2158 1556 2225 1633 τῇ
2268 1552 2491 1623 ἑκκλησ.
2526 1551 2606 1612 ad
2656 1567 2941 1630 paganos

797 1660 1022 1724 referri
1058 1666 1408 1740 nequeunt.
1437 1661 1494 1721 A
1527 1658 1716 1722 Godet
1742 1666 1962 1720 autem
1990 1674 2407 1738 quaeremus,
2436 1656 2548 1719 ubi
2580 1658 2751 1736 apud
2781 1657 2941 1719 Pau-

797 1769 938 1832 lum
969 1767 1203 1830 viderit
1243 1766 1634 1829 christianos
1666 1764 1828 1836 ἐξουθ.
1867 1769 1920 1825 ἐν
1948 1771 2013 1847 τῇ
2046 1766 2194 1826 ἐκκλ.
2231 1764 2468 1827 vocari.
2503 1763 2574 1827 Si
2614 1764 2941 1826 tantulum

801 1875 1006 1937 Paulo
1046 1873 1294 1952 logicae
1329 1874 1397 1934 in
1435 1879 1651 1934 mente
1689 1889 1763 1934 ac
1802 1872 2205 1935 constantiae
2247 1869 2319 1932 in
2365 1871 2577 1934 verbis
2621 1870 2942 1949 eligendis

804 1980 1144 2057 tribuitur,
1175 1981 1380 2062 liquet
1411 1980 1524 2042 illa
1554 1980 1746 2043 verba
1781 1997 2065 2058 paganos
2102 1979 2416 2040 indicare.
2455 1979 2527 2039 In
2562 1978 2593 2040 I
2614 2026 2629 2054 ,
2662 1979 2737 2040 28
2762 1979 2941 2041 enim

807 2087 1137 2152 Corinthii
1190 2088 1530 2152 Christiani
1593 2087 1659 2148 τὰ
1714 2086 1875 2168 ἀγενῆ
1919 2092 2011 2146 τοῦ
2064 2085 2268 2165 κόσμου
2313 2086 2406 2147 καὶ
2457 2084 2524 2145 τὰ
2575 2084 2942 2164 ἐξουθενημένα

804 2203 1137 2260 vocantur.
1170 2197 1340 2274 Ergo
1377 2196 1432 2258 si
1470 2195 1811 2258 christiani
1841 2194 1908 2256 τὰ
1939 2193 2104 2265 ἐξουθ.
2140 2198 2193 2254 ἐν
2220 2198 2297 2276 τῷ
2325 2192 2514 2277 κόσμῳ
2550 2200 2734 2268 sunt,
2767 2194 2939 2255 dilu-

806 2310 903 2367 cet
931 2297 998 2363 τᾶ
1023 2301 1188 2373 ἐξουθ.
1216 2306 1268 2362 ἐν
1295 2308 1360 2384 τῇ
1392 2303 1645 2387 ἐκκλησίᾳ
1679 2318 1960 2381 paganos
1989 2301 2180 2362 modo
2210 2318 2349 2362 esse
2380 2318 2584 2379 posse.
2606 2301 2939 2380 oppositio

810 2411 1153 2473 manifesta
1195 2418 1310 2473 est.
1351 2411 1477 2486 Qui
1524 2411 1593 2471 in
1643 2409 1890 2471 mundo
1935 2413 2473 2482 contemnuntur,
2515 2409 2708 2470 stulta
2742 2414 2802 2470 et
2838 2410 2941 2470 in-

808 2519 997 2579 firma
1046 2518 1281 2579 mundi
1322 2524 1474 2579 sunt
1517 2515 1609 2598 (τὰ
1654 2515 1808 2599 μωρὰ
1858 2521 1948 2575 τοῦ
1998 2514 2230 2595 κόσμου,
2280 2534 2338 2577 v.
2394 2514 2531 2596 27),
2575 2515 2937 2577 christiani.

809 2624 1145 2703 Sapientes
1190 2626 1422 2686 mundi
1465 2625 1540 2706 (οἱ
1586 2625 1835 2708 ἄρχοντες
1881 2630 1972 2684 τοῦ
2026 2627 2215 2691 αἰῶνος
2261 2622 2478 2700 τούτου,
2524 2642 2579 2683 v,
2634 2624 2720 2697 II,
2767 2622 2830 2704 6)
2873 2623 2943 2684 in

811 2731 1079 2795 ecclesia
1109 2738 1636 2808 contemnuntur,
1673 2733 1716 2792 i.
1753 2749 1811 2793 e.
1842 2748 1955 2811 pro
1987 2732 2198 2795 nihilo
2232 2732 2554 2795 habentur
2582 2733 2682 2808 (cf.
2719 2733 2771 2807 Ι,
2802 2732 2898 2809 28)
2928 2756 2958 2792 :-

808 2842 985 2903 Dens
1046 2839 1224 2902 enim
1289 2841 1551 2902 stultam
1609 2822 1799 2919 fecit,
1862 2840 1909 2901 i.
1974 2857 2031 2901 e.
2098 2821 2637 2904 contemnendam
2706 2840 2942 2902 mundi

809 2947 1193 3027 sapientiam
1221 2946 1314 3028 (I,
1350 2947 1469 3025 20).

888 3162 1023 3223 Hos
1046 3178 1210 3223 vers.
1251 3160 1603 3239 explicare,
1633 3162 1704 3222 T.
1742 3161 1819 3222 R.
1856 3168 2105 3222 servato
2130 3208 2146 3238 ‚
2183 3167 2494 3246 conatus,
2531 3180 2659 3225 non
2689 3164 2942 3226 confido

805 3270 1058 3331 felicem
1078 3268 1321 3331 exitum
1349 3274 1769 3330 consecutum
1793 3284 1955 3329 esse.
1988 3268 2132 3331 Mea
2155 3269 2599 3348 interpretatio
2621 3271 2757 3332 sola
2775 3270 2942 3332 mihi

807 3376 1062 3438 videtur
1108 3375 1523 3455 proponenda
1567 3394 1580 3436 :
1633 3392 1763 3436 non
1815 3382 2030 3437 autern
2080 3390 2332 3455 sempor
2375 3378 2541 3439 mihi
2594 3379 2818 3456 placet.
2868 3379 2945 3439 Τὸ

714 3539 737 3549 s
809 3483 966 3565 &mre
1001 3483 1269 3562 paulurn
1309 3482 1551 3543 mirum
1583 3489 1832 3556 manet3
1868 3490 1929 3544 et
1972 3484 2069 3546 fas
2104 3490 2199 3547 est
2235 3485 2535 3547 dubitare
2568 3487 2731 3565 quin
2772 3486 2944 3548 Pau-

806 3590 914 3661 lus
946 3590 1016 3650 in
1060 3608 1118 3653 v,
1168 3589 1199 3648 4
1242 3591 1378 3667 jam
1425 3590 1809 3650 sententiam
1845 3591 2323 3669 significatione
2366 3594 2690 3672 appellare
2724 3594 2941 3658 volue-

810 3698 922 3772 rit,
963 3714 1161 3775 quam
1202 3696 1269 3756 in
1324 3715 1380 3755 v,
1427 3696 1566 3771 7-8,
1606 3698 1932 3775 copiosius
1963 3681 2330 3777 explicabit.
2387 3702 2760 3777 Praeterea,
2795 3682 2944 3763 curn

812 3805 1078 3897 verbum
1115 3805 1336 3884 βιωτικά
1375 3823 1433 3865 V.
1469 3803 1503 3866 3
1540 3805 1709 3867 intel·
1744 3826 1804 3867 V.
1839 3807 2117 3891 κριτηρίων
2148 3808 2448 3890 ἐλαχίστων
2480 3816 2540 3871 et
2575 3809 2797 3891 βιωτικὰ
2828 3834 2943 3893 κρι-

810 3912 963 3995 τήρια
996 3921 1298 3991 ponatur,
1334 3913 1599 3976 difficile
1629 3915 1887 3976 videtur
1918 3916 2032 3976 illa
2061 3917 2284 3996 βιωτικά
2318 3917 2406 3997 (v.
2443 3917 2502 3998 3)
2542 3936 2671 3981 non
2708 3918 2945 3981 habore

814 4028 1121 4099 tanquam
1149 4021 1406 4104 κριτήρια.
1444 4023 1908 4086 Animadverte
1947 4025 2145 4086 etiam
2196 4045 2253 4086 v,
2302 4026 2488 4109 κρίνειν
2528 4028 2599 4088 in
2646 4034 2771 4090 toto
2825 4027 2946 4089 hoc

812 4130 951 4192 loco
983 4137 1232 4192 tantum
1262 4132 1342 4192 ad
1379 4132 1681 4195 homines
1715 4133 2024 4211 applicari
2056 4133 2454 4214 (judicantes
2484 4143 2597 4196 aut
2621 4135 2945 4216 judicatos

815 4272 893 4283 --
931 4236 1128 4319 κόσμος
1172 4240 1302 4302 fere
1341 4242 1509 4302 sicut
1540 4242 1887 4303 hominnm
1926 4243 2196 4305 societas
2233 4225 2847 4324 usurpatumsErgo
2888 4244 2940 4305 si

816 4349 1000 4431 κρίνειν
1030 4356 1177 4412 ante
1207 4351 1426 4430 βιωτικά
1457 4348 1545 4429 (ν.
1581 4349 1644 4429 3)
1674 4351 2199 4414 subaudiendum
2234 4360 2360 4428 est,
2405 4354 2610 4433 igitur
2640 4370 2945 4433 personas
