3559 5609
773 831 831 883 ¹4
890 891 897 898 ,
1649 832 1700 893 1,
1741 830 1939 891 17-111,
1977 832 2023 882 9.

769 964 1023 1028 quoque
1054 947 1259 1010 Paulo
1294 965 1460 1010 nova
1495 947 1935 1010 contradictio.
1971 946 2213 1008 Paulus
2248 946 2580 1009 contendit
2616 963 2683 1008 se
2717 963 2902 1008 suam

768 1053 1243 1135 philosophiam
1287 1054 1407 1136 (sic
1454 1052 1676 1133 Reuss)
1724 1054 1915 1116 modo
1971 1076 1998 1108 «
2055 1070 2136 1114 an
2192 1053 2422 1114 milieu
2471 1053 2548 1113 de
2600 1060 2902 1143 croyants

768 1162 1088 1236 affermis,
1128 1163 1208 1224 de
1258 1161 1586 1224 chretiens
1634 1161 1841 1222 mnris
1891 1187 1916 1214 »
1957 1159 2078 1241 (sic
2114 1158 2305 1224 Godet
2347 1159 2426 1222 de
2474 1160 2541 1222 II
2566 1208 2580 1235 ,
2616 1159 2680 1241 6)
2716 1177 2901 1240 prae-

768 1268 1004 1330 dicare.
1040 1269 1345 1330 Attamen
1383 1268 1718 1348 perspicue
1756 1267 2224 1329 animadvertis
2261 1285 2295 1328 e
2338 1285 2399 1328 v.
2446 1267 2516 1327 14
2548 1253 2739 1336 illum
2768 1284 2902 1330 non

768 1376 956 1437 modo
1004 1375 1173 1454 apud
1224 1374 1343 1444 τοὺς
1387 1375 1659 1458 σαρκίνους
1709 1375 1801 1435 καὶ
1844 1373 1933 1456 (ἢ)
1980 1373 2289 1457 σαρκικοὺς,
2336 1374 2445 1436 Sed
2494 1375 2687 1436 etiam
2734 1373 2904 1454 apud

766 1481 885 1551 τοὺς
912 1481 1163 1566 ψυχικοὺς
1190 1482 1557 1562 praedicare
1590 1480 2041 1562 philosopham
2072 1479 2277 1542 illam.
2300 1481 2448 1542 Nisi
2478 1481 2657 1543 enim
2685 1497 2902 1542 coram

768 1590 851 1652 iis
884 1608 1025 1652 eam
1057 1589 1484 1670 praedicaret,
1520 1607 1647 1669 qua
1681 1589 1929 1651 ratione
1958 1589 2200 1651 diceret
2227 1587 2371 1650 illos
2404 1606 2546 1650 eam
2574 1605 2705 1652 non
2735 1588 2901 1651 acci-

770 1716 948 1777 pere,
983 1697 1094 1759 sed
1124 1696 1384 1760 stultam
1416 1696 1653 1758 habere
1675 1741 1691 1773 ,
1725 1714 1938 1776 neque
1968 1695 2333 1773 intelligere
2364 1713 2506 1757 eam
2536 1713 2718 1775 posse
2751 1695 2905 1775 quia

768 1820 901 1865 non
953 1803 1272 1883 spiritales
1320 1805 1576 1866 essent?
1603 1802 2072 1866 Conditionalis
2100 1803 2509 1865 adhibendus
2540 1803 2797 1879 fuisset,
2830 1820 2904 1865 ac
2969 1861 2974 1865 .

769 1910 1148 1988 dicendum,
1198 1911 1385 1975 modo
1425 1910 1667 1973 Paulus
1719 1919 1973 1972 curaret
2022 1918 2096 1972 ut
2145 1910 2362 1973 futuro
2410 1909 2903 1973 commentatori

771 2016 961 2081 Godet
985 2018 1408 2080 assentiretur
1436 2037 1449 2080 :
1478 2042 1506 2075 α
1533 2019 1699 2097 Apto
1730 2016 2088 2097 spiritalem
2116 2016 2478 2079 doctrinam
2503 2017 2904 2079 auditoribus

769 2126 1185 2206 spiritalibus.
1218 2126 1441 2199 Nam&
1465 2125 1687 2208 ψυχικὸς
1731 2125 2001 2208 ἄνθρωπος
2049 2142 2181 2187 non
2228 2123 2600 2205 acciperet...
2635 2122 2906 2185 stultitia

769 2233 947 2295 enim
991 2241 1218 2297 esset...
1259 2249 1388 2316 non
1435 2240 1646 2313 posset
1688 2249 2151 2310 cognoscere...
2194 2255 2222 2288 ι»
2256 2233 2345 2293 At
2383 2230 2646 2292 indicat.
2689 2246 2900 2312 praes,

773 2339 964 2402 talem
991 2358 1317 2419 nusquam
1347 2340 1484 2400 vim
1516 2339 1727 2401 habet.

850 2448 1028 2510 Num
1076 2445 1265 2509 Godet
1314 2446 1517 2526 placet
1563 2447 1633 2508 in
1682 2446 2182 2526 discrepantiam
2233 2446 2576 2509 verborum
2620 2448 2801 2506 λαλεῖν
2849 2453 2910 2506 et

766 2553 1042 2637 κηρύσσειν
1074 2572 1139 2615 se
1183 2561 1587 2631 convertere,
1627 2573 1700 2618 ex
1733 2571 1861 2633 qua
1893 2557 2075 2614 λαλεῖν
2119 2571 2453 2616 sermones
2502 2553 2906 2631 designaret,

770 2678 901 2725 non
956 2660 1461 2740 praedicationes
1511 2660 1617 2742 (V.
1656 2662 1721 2736 I,
1773 2655 1838 2739 p'.
1894 2659 2079 2742 123)?
2128 2662 2217 2722 At
2257 2662 2329 2722 in
2375 2660 2728 2741 posteriore
2778 2658 2903 2721 vol.

768 2759 1224 2848 (p.‘315-322),
1264 2784 1524 2846 operam
1569 2766 1746 2830 dedit
1780 2767 1971 2831 Godet
2005 2776 2074 2829 ut
2125 2787 2191 2829 se
2242 2768 2455 2848 ipsum
2510 2768 2904 2840 confutaret3

771 2893 924 2937 nam
955 2875 1186 2936 merito
1217 2874 1449 2937 fatetur
1477 2877 1658 2936 λαλεῖν
1685 2893 1722 2936 a
1753 2875 1957 2937 Paulo
1986 2875 2310 2957 usurpari,
2343 2884 2416 2936 ut
2447 2873 2905 2953 glossolaliam,

770 2983 1206 3063 prophetiam,
1260 2981 1583 3063 publicam
1633 2983 1703 3043 in
1754 2983 2022 3045 ecclesia
2069 2983 2537 3062 professionem
2591 2982 2905 3060 designet.
2957 3051 2963 3056 ⁴

771 3089 1190 3170 Ceteroquin,
1226 3090 1279 3151 si
1309 3089 1567 3169 quando
1595 3107 1755 3170 opus
1788 3099 1988 3164 esset,
2024 3107 2247 3151 versus
2276 3089 2402 3165 III,
2439 3089 2461 3149 1
2503 3088 2693 3150 Godet
2718 3087 2908 3149 refel-

748 3199 934 3263 -leret
961 3217 975 3260 :
1014 3221 1041 3253 «
1072 3199 1219 3259 Nou
1251 3198 1451 3276 potui,
1485 3199 1639 3259 dicit
1668 3197 1937 3273 PauluS,
1971 3197 2154 3259 vobis
2184 3195 2365 3276 loqui
2395 3191 2583 3276 quasi
2612 3195 2910 3273 spiritua-

770 3304 965 3380 libus,
989 3304 1100 3365 sed
1122 3304 1299 3365 vobis
1323 3303 1502 3383 loqui
1533 3311 1780 3365 tantum
1809 3303 1988 3382 potui
2011 3303 2199 3382 quasi
2228 3302 2597 3364 carnalibus
2623 3325 2635 3360 ε
2659 3300 2910 3374 ἠδυνήθην

770 3413 1025 3487 λαλῆσαι,
1049 3410 1287 3483 ἐλάλησα
1314 3413 1437 3489 ὑμῖν
1467 3414 1540 3477 ὡς
1562 3409 1846 3495 σαρκίνοις.
1878 3433 1905 3466 »
1937 3410 2106 3487 Ergo
2136 3427 2257 3471 vox
2287 3412 2437 3469 λαλῶ
2467 3409 2548 3470 ad
2580 3423 2909 3469 sermones

772 3517 961 3581 Pauli
993 3517 1156 3579 alios
1191 3518 1465 3597 pertinet
1497 3526 1689 3597 atque
1724 3517 1873 3579 illos
1913 3517 2030 3597 qui
2062 3519 2201 3596 eJus
2232 3533 2538 3579 arcanam
2569 3514 2908 3594 professio-

774 3644 927 3689 nem
969 3626 1468 3702 constituerent;
1502 3625 1582 3686 ad
1626 3642 1958 3688 sermones
1989 3623 2270 3703 pertinet
2305 3635 2465 3704 quos
2500 3640 2650 3683 cum
2679 3620 2909 3683 Corin-

777 3734 926 3796 thiis
956 3732 1200 3795 Paulus
1244 3733 1469 3795 babuit
1511 3740 1580 3793 ut
1614 3731 1900 3794 Ecclesia
1934 3731 2233 3793 Corinthi
2283 3730 2696 3805 conderetur,
2730 3735 2792 3789 et
2834 3744 2910 3788 ex

775 3859 901 3922 quo
930 3841 1187 3904 condita
1217 3840 1371 3925 fuit,
1404 3840 1685 3918 pertinet
1714 3856 1867 3917 ergo
1897 3838 1978 3899 ad
2008 3838 2510 3917 praedicationes
2537 3837 2728 3915 ipsaS.
2762 3833 2910 3895 Dici
2947 3872 2954 3879 -

774 3957 977 4030 potest
993 3967 1198 4028 genus
1224 3966 1360 4010 esse
1377 3950 1556 4008 λαλεῖν
1580 3949 1679 4028 cuj
1692 3966 1767 4009 us
1788 3945 2065 4029 κηρύσσειν
2085 3944 2223 4026 (aut
2244 3943 2649 4025 καταγγέλλειν)
2667 3962 2694 4003 S
2702 3941 2910 4022 pecies

777 4064 890 4119 est.
940 4056 1270 4137 Quidquid
1315 4054 1592 4138 κηρύσσειν
1634 4063 1759 4129 est,
1807 4057 1989 4115 λαλεῖν
2043 4060 2138 4116 est
2196 4053 2412 4116 etiam.
2459 4054 2546 4114 At
2596 4047 2911 4131 quidquid

778 4323 985 4384 ἑαυτοὺς
1003 4324 1125 4391 πρὸς
1150 4330 1348 4376 πᾶσαν
1384 4322 1660 4384 συνείδησιν
1670 4359 1760 4376 .....
1797 4326 1839 4374 εἰ
1868 4324 1923 4374 δὲ
1954 4324 2039 4373 καὶ
2066 4323 2200 4374 ἔστιν
2230 4321 2601 4385 κεκαλυμμένον
2626 4320 2684 4370 τὸ
2714 4314 2913 4381 εὐαγγέ-

774 4420 876 4470 λιον
900 4419 1059 4482 ἡμῶν,
1091 4417 1150 4467 ἐν
1178 4418 1280 4472 τοῖς
1308 4414 1660 4477 ἀπολλυμένοις
1684 4414 1820 4464 ἐστὶν
1849 4414 2236 4477 κεκαλυμμένον.
2270 4430 2295 4456 »
