3559 5609
895 822 988 875 144
1803 821 1923 883 XV,
1953 822 2126 877 29-31.

892 938 1204 1005 absurdas
1253 937 1684 1003 nihilominus
1728 940 2214 1021 superstitiones
2267 939 2413 1004 illas
2471 947 2737 1004 naturas
2793 940 3029 1003 fuisse?

890 1046 1093 1128 Saepe
1119 1056 1335 1109 tamen
1369 1071 1398 1103 α
1428 1047 1940 1126 dogmaticorum
1972 1072 1999 1104 ι»
2021 1047 2348 1111 doctrinae
2378 1048 2739 1110 scribarum
2771 1047 3025 1110 mendis

893 1163 1145 1218 tantum
1181 1153 1381 1217 fultae
1415 1160 1589 1217 sunt.
1626 1153 1942 1217 Perfacile
1972 1156 2040 1216 in
2078 1154 2193 1218 illo
2229 1153 2366 1218 loco
2400 1154 2713 1216 mendum
2749 1154 3021 1217 videbis.

884 1263 1037 1325 Jam
1067 1262 1500 1325 animadverti
1531 1261 1937 1342 frequentem
1970 1279 2130 1337 esse,
2155 1279 2303 1324 cum
2334 1261 2403 1322 in
2433 1261 2759 1337 omnibuS‚
2798 1269 2931 1323 turn
2954 1260 3024 1322 in

885 1368 1405 1450 apocryphorum
1436 1368 1514 1433 V.
1539 1368 1612 1430 T.
1642 1367 1999 1442 codicibus,
2031 1367 2429 1448 syllabarum
2456 1391 2517 1428 ου
2544 1368 2616 1429 in
2639 1393 2713 1428 ων
2736 1376 2928 1449 atque
2951 1392 3026 1427 ων

881 1478 952 1539 in
972 1501 1033 1536 ου
1051 1476 1526 1540 confusionem.
1550 1476 1682 1539 Vox
1714 1478 1946 1559 Χριστοῦ
1976 1476 2047 1536 in
2080 1474 2321 1538 unciali
2357 1476 2670 1555 scriptura
2696 1500 2767 1557 χυ
2795 1492 3022 1537 exara-

880 1584 1089 1646 batur.
1125 1584 1357 1664 Itaque
1393 1583 1566 1645 inter
1609 1581 1736 1666 ὑπέρ
1785 1592 1847 1643 et
1892 1586 1984 1642 τοῦ
2026 1581 2213 1644 facile
2250 1582 2517 1644 evanuit
2546 1581 2601 1665 (ρ
2638 1609 2721 1634 =
2759 1607 2789 1642 υ
2814 1609 2914 1649 ,--·-
2958 1607 3020 1658 τ,

880 1713 913 1749 τ
935 1715 1069 1772 -εχ
1093 1724 1171 1736 -
1197 1686 1545 1772 Vollyram.
1574 1689 1802 1751 Multis
1819 1705 2074 1770 quoque
2092 1687 2242 1750 aliis
2257 1688 2464 1751 modis
2479 1688 3026 1771 detractioxpwvo'o·

882 1795 1213 1878 explanari
1243 1802 1469 1876 potest.
1492 1796 1709 1860 Errori
1739 1796 1976 1876 profuit
2008 1796 2195 1872 illud,
2220 1795 2394 1876 quod
2423 1796 2776 1858 locutiones
2807 1795 3019 1876 βαπτίζ.

879 1903 1035 1987 ὑπέρ
1081 1918 1403 1985 nusquam
1447 1903 1517 1964 in
1555 1902 1744 1966 Pauli
1781 1891 2074 1990 epistulis
2116 1911 2482 1967 occurrunt.
2520 1902 2610 1965 Ex
2640 1920 2767 1982 quo
2806 1908 3023 1965 tamen

880 2026 1013 2071 non
1054 2009 1426 2088 conficitur,
1461 2017 1532 2071 ut
1566 2009 1932 2073 emendatio
1966 2011 2284 2091 proposita
2321 2009 2682 2089 spernenda
2711 2011 2814 2070 sit.
2850 2009 3022 2071 Nam

879 2116 995 2179 illa
1024 2117 1221 2178 verba
1254 2117 1673 2195 grammatice
1704 2106 1938 2196 scri'pta
1973 2122 2210 2179 suntet
2236 2115 2597 2193 emendate,
2635 2123 2829 2196 atque
2863 2133 3016 2178 sen-

879 2240 1025 2285 sum
1055 2222 1270 2285 menti
1285 2223 1458 2286 haud
1483 2222 1869 2303 ambiguum
1893 2225 2219 2309 praebent.
2244 2223 2595 2286 Contextus
2623 2241 2775 2286 vero
2806 2229 3012 2285 osten-

876 2330 972 2392 dit
999 2348 1197 2412 quare
1230 2330 1472 2393 Paulus
1505 2330 1687 2421 illam
1723 2332 2040 2395 rationem
2089 2330 2349 2394 dicendi
2394 2331 2698 2411 praetulit
2741 2329 3010 2393 locutio-

878 2438 1074 2501 nibus
1113 2439 1195 2501 ab
1225 2456 1299 2502 eo
1328 2437 1713 2520 plerumque
1743 2440 2068 2522 usurpatis
2103 2465 2116 2500 ε
2157 2444 2321 2520 βαπτ.
2358 2442 2433 2507 εἰς
2463 2437 2689 2523 Χριστόν
2718 2447 2829 2502 aut
2857 2442 2931 2507 εἰς
2957 2437 3019 2498 τὸ

875 2545 1042 2626 ὄνομα
1074 2547 1265 2629 Χριστ.
1305 2553 1477 2609 etc...

958 2653 1137 2717 Num
1169 2651 1351 2716 Godet
1383 2670 1565 2718 meae
1598 2673 1747 2717 cum
1784 2654 1863 2716 de
1896 2673 1957 2716 v.
1997 2653 2097 2730 29,
2132 2660 2270 2716 tum
2306 2654 2385 2718 de
2417 2658 2466 2715 ot
2498 2659 2661 2736 βαπτ.
2694 2654 3012 2731 interpre-

877 2759 1105 2822 tationi
1149 2759 1302 2822 talia
1344 2761 1752 2841 exprobrabit
1786 2784 1798 2822 ε
1838 2785 1868 2819 «
1902 2760 1972 2823 Si
2004 2760 2166 2824 Paul
2195 2761 2439 2839 voulait
2476 2760 2882 2825 caracteriser
2912 2757 3012 2821 les

874 2867 1204 2930 chretiens
1232 2886 1315 2930 en
1344 2867 1631 2947 general,
1656 2869 1968 2950 pourquoi
1994 2869 2207 2949 parler
2226 2869 2314 2932 du
2341 2867 2634 2950 bapteme
2659 2862 2862 2947 plutot
2885 2883 3012 2946 que

875 2976 953 3038 de
984 2975 1047 3038 la
1079 2975 1214 3038 foi?
1237 2974 1408 3039 C'est
1440 2974 1502 3038 la
1535 2976 1622 3039 foi
1646 3025 1661 3053 ‚
1694 2984 1756 3038 et
1800 2994 1930 3039 non
1975 2975 2036 3037 le
2072 2975 2256 3055 signe
2302 2977 2381 3039 de
2416 2976 2478 3038 la
2512 2975 2598 3038 foi
2619 3023 2633 3051 ,
2671 2973 2784 3054 qui
2814 2990 3014 3035 ouvre

871 3082 1137 3144 l'entree
1186 3082 1273 3144 du
1321 3099 1632 3162 royaume
1681 3083 1759 3145 de
1792 3082 2029 3146 Christ.
2074 3106 2104 3139 »
2143 3082 2269 3146 Sed
2311 3083 2553 3145 Paulus
2601 3082 2681 3143 de
2715 3080 2843 3142 fide
2880 3096 3009 3141 non

875 3189 1157 3270 loquitur
1188 3190 1341 3270 quia
1364 3191 1503 3271 jam
1534 3190 1634 3253 bis
1664 3189 1749 3269 (v.
1793 3190 1886 3269 14,
1924 3189 2023 3271 17)
2055 3190 2133 3252 de
2161 3189 2275 3252 illa
2307 3189 2556 3253 locutus
2589 3197 2704 3252 est.
2738 3189 3015 3249 Prorsus

870 3294 1105 3357 inutile
1149 3296 1381 3357 fuisset
1413 3296 1771 3376 apostolum
1807 3298 1993 3376 quasi
2027 3314 2222 3359 novas
2253 3298 2324 3358 in
2359 3317 2420 3361 v.
2457 3297 2531 3359 29
2559 3293 2826 3375 aggredi
2861 3311 3013 3356 sen-

875 3402 1137 3477 tentias,
1172 3403 1228 3464 si
1271 3410 1522 3465 tantum
1561 3405 1700 3485 jam
1743 3404 1911 3466 dicta
1942 3404 2016 3466 in
2048 3424 2106 3466 ν.
2147 3404 2334 3465 12-19
2364 3407 2602 3467 iterum
2642 3402 2855 3464 dicere
2899 3400 3015 3463 de-

870 3509 1134 3571 buisset.
1179 3509 1347 3573 Nota
1393 3510 1462 3571 in
1510 3510 1615 3573 his
1661 3531 1722 3572 v.
1779 3512 1965 3574 12-19
2010 3513 2334 3591 imprimis
2386 3512 2465 3574 de
2519 3509 2889 3585 sementim,
2933 3509 3014 3570 de

868 3615 1207 3678 affectione
1275 3617 1514 3679 mentis
1573 3617 1930 3699 habituque
1979 3617 2188 3700 (πίστις
2250 3618 2463 3699 etc...)
2517 3636 2590 3680 ac
2654 3617 2732 3679 de
2794 3615 3012 3679 verbis

866 3720 1162 3806 (κήρυγμα)
1196 3724 1324 3803 agi.
1363 3723 1750 3804 Cogitationi
1802 3743 1874 3788 ac
1928 3727 2235 3803 sermoni,
2269 3746 2330 3788 ν.
2377 3726 2451 3788 29
2492 3733 2553 3788 et
2581 3744 2704 3806 sq„
2749 3724 2803 3785 si
2852 3721 3008 3803 quid

868 3832 1020 3893 novi
1052 3830 1286 3894 addere
1317 3831 1577 3910 vellent,
1606 3833 1978 3896 nihilaliud
2011 3852 2206 3914 quam
2235 3831 2400 3915 facta
2427 3832 2660 3894 addere
2689 3838 3006 3911 poterant.

869 3937 1117 4001 Revera
1166 3937 1330 4001 illud
1380 3948 1583 4019 agunt
1615 3965 1628 4002 ι
1666 3941 1719 4003 si
1752 3942 1991 4004 mortui
2024 3942 2292 4003 omnino
2323 3958 2452 4003 non
2494 3943 2845 4017 resurgunt
2886 3951 3008 3998 nec

864 4041 1158 4106 Christus
1186 4046 1567 4124 resurrexit,
1597 4064 1911 4128 quorsum
1945 4047 2004 4108 1⁰
2033 4046 2348 4127 baptisma
2366 4094 2381 4122 ‚
2410 4048 2472 4107 2⁰
2502 4046 2632 4108 vita
2662 4045 2731 4106 in
2764 4041 3007 4106 labori-

861 4150 1018 4227 bus,
1049 4152 1627 4236 vexationibusque
1654 4173 1730 4218 ac
1757 4155 2087 4219 doloribus
2121 4162 2507 4235 consumpta
2526 4153 2561 4235 ’(
2572 4152 2631 4234 1)
2653 4154 2685 4214 Ῥ

757 4400 762 4404 ’
883 4360 888 4365 .
925 4391 992 4459 (1)
1021 4389 1281 4446 Fortasse
1310 4397 1412 4448 tibi
1441 4397 1681 4461 placebit
1707 4397 1799 4448 hic
1829 4409 2052 4462 quoque
2076 4398 2237 4461 juxta
2268 4398 2541 4462 baptisma
2566 4395 2810 4448 Coenam
2839 4404 3002 4444 sanc-
