3559 5609
1483 933 1592 992 111,
1633 932 1736 982 1-4.
2612 932 2672 982 33

542 1047 713 1111 unde
740 1047 927 1110 facile
949 1050 1010 1126 (π
1028 1075 1110 1101 ---·
1131 1073 1190 1124 κ,
1218 1073 1263 1109 ω
1287 1074 1366 1101 =
1383 1073 1444 1124 α,
1474 1073 1650 1109 καετ
1666 1049 2039 1123 και-Βαεί,
2063 1054 2175 1109 aut
2193 1072 2238 1107 ω
2258 1073 2337 1100 ---
2357 1053 2484 1128 β-
2501 1049 2673 1126 Bau,

537 1180 578 1215 π
601 1179 685 1212 =
710 1182 746 1217 κ
772 1180 964 1217 -τκαι
997 1187 1077 1203 —-
1104 1156 1279 1236 Bau)
1309 1158 1369 1216 οὗ
1397 1155 1488 1216 καὶ
1525 1160 1714 1239 βρῶμα
1759 1163 1975 1217 ortum
2007 1162 2122 1217 est.
2161 1155 2211 1217 E
2250 1154 2534 1218 librariis
2563 1172 2694 1218 au-·

540 1269 668 1325 tem
700 1271 854 1325 sunt
882 1262 996 1344 qui
1028 1262 1193 1324 illud
1220 1261 1312 1324 καί
1343 1261 2001 1341 incomprehensibile
2028 1262 2349 1340 omittant,
2386 1269 2539 1325 sunt
2566 1262 2680 1344 qui

542 1376 963 1450 transponant
995 1388 1009 1432 ε
1054 1369 1225 1432 unde
1264 1370 1479 1432 variae
1508 1368 1818 1431 lectiones
1848 1386 2013 1449 quae
2046 1369 2118 1430 in
2153 1369 2297 1433 cod.
2338 1369 2673 1450 reperiun-

544 1485 667 1537 tur.
700 1508 780 1524 -
807 1473 974 1540 Cum
1015 1501 1073 1537 τε
1107 1504 1189 1529 ==
1226 1502 1287 1558 γι
1324 1502 1405 1529 --=
1430 1500 1531 1560 γαρ
1569 1476 1770 1559 (Basl)
1793 1525 1807 1553 ‚
1842 1475 1918 1537 ἔτι
1963 1500 2021 1537 τι
2060 1500 2214 1561 σαρκ.
2253 1477 2443 1539 facile
2473 1476 2550 1538 ἔτι
2580 1476 2682 1560 γὰρ

543 1587 698 1668 σάρκ.
738 1585 979 1647 factum
1012 1593 1127 1647 est.
1148 1618 1226 1631 —
1254 1587 1517 1648 Mutatio
1551 1583 1669 1646 οὔτε
1692 1596 1780 1645 νῦν
1811 1585 1879 1646 in
1907 1583 2023 1646 οὐδὲ
2053 1586 2129 1646 ἔτι
2160 1592 2246 1646 νῦν
2283 1593 2483 1667 potest
2510 1584 2673 1647 mul·

547 1691 629 1753 tis
659 1692 868 1754 modis
895 1691 1219 1772 explicari.
1265 1695 1397 1756 Aut
1421 1709 1536 1755 vox
1568 1692 1647 1754 ἔτι
1672 1694 1769 1754 bis
1805 1693 2096 1754 restituta
2134 1693 2287 1768 fuit,
2322 1700 2455 1754 tum
2489 1693 2678 1769 bene,

546 1805 685 1859 tum
716 1797 916 1875 male,
950 1806 1010 1861 et
1036 1797 1154 1860 οὔτε
1195 1799 1272 1860 ἔτι
1316 1781 1553 1861 factum
1586 1809 1681 1862 est
1715 1796 1838 1860 οὐδὲ
1877 1798 1953 1860 ἔτι
1993 1798 2252 1880 (figuris
2301 1798 2419 1860 οὔτε
2460 1807 2520 1861 et
2560 1797 2680 1860 οὐδέ

544 1903 769 1967 crebro
813 1906 881 1966 in
929 1905 1256 1969 codicibus
1298 1906 1647 1985 confusis);
1700 1915 1814 1968 aut
1856 1906 2064 1969 scriba
2105 1908 2404 1969 incautus
2447 1906 2564 1968 οὐδέ
2605 1907 2679 1968 in

549 2018 720 2073 textu
748 2012 1021 2092 scripsit,
1054 2021 1116 2074 et
1152 2030 1301 2075 cum
1340 2030 1623 2075 errorem
1658 2016 1972 2091 senserit,
2007 2015 2073 2076 in
2108 2015 2404 2094 margine
2435 2015 2680 2079 notavit

543 2118 614 2178 iu
643 2116 856 2179 locum
887 2118 1011 2179 οὐδέ
1040 2120 1483 2199 reponendum
1515 2138 1653 2182 esse
1692 2118 1812 2180 οὔτε
1836 2146 1855 2197 ;
1887 2120 2156 2193 deinde,
2203 2128 2270 2183 ut
2309 2140 2498 2202 saepe
2529 2140 2673 2186 eve-

545 2223 668 2300 nit,
692 2225 1008 2303 posterius
1038 2225 1164 2288 duo
1194 2227 1386 2289 verba
1416 2227 1623 2289 scriba
1651 2228 1915 2308 quidam
1946 2230 2259 2308 apposuit,
2288 2229 2461 2291 unde
2491 2229 2677 2294 lectio

543 2328 660 2393 οὐδὲ
686 2330 828 2409 οὔτε,
859 2351 1024 2413 quae
1057 2333 1244 2404 facile
1280 2332 1398 2395 οὐδὲ
1426 2334 1503 2394 ἔτι
1534 2336 1777 2414 peperit
1807 2334 1941 2397 sive
1975 2335 2507 2416 palaeographica
2535 2355 2674 2401 cor-

543 2439 1007 2519 ruptione'sive
1041 2441 1285 2504 scribae
1314 2419 1735 2503 correctione.'
2754 2520 2757 2524 ,

630 2545 820 2608 Varie
850 2547 1039 2609 verba
1079 2547 1218 2609 κατὰ
1246 2548 1513 2632 ἄνθρωπον
1553 2548 1641 2629 (v.
1680 2548 1741 2629 3)
1788 2557 1851 2612 et
1881 2551 1976 2610 οὐκ
2012 2549 2273 2631 ἄνθρωποί
2318 2552 2437 2611 ἐστε
2478 2548 2566 2632 (v.
2613 2549 2677 2632 4)

546 2652 856 2733 explicata
887 2662 1059 2717 sunt.
1084 2654 1576 2720 Observandum
1607 2664 1702 2718 est
1733 2673 1952 2719 vocem
1980 2655 2247 2739 ἄνθρωπος
2273 2674 2403 2719 non
2426 2673 2680 2738 semper

545 2779 582 2823 a
604 2761 891 2840 Paulojn
915 2765 1194 2842 pejorem
1220 2772 1462 2844 partem
1484 2763 1640 2842 rapi.
1662 2763 1920 2827 Christo
1936 2763 2214 2843 applicat
2231 2764 2414 2826 illam
2433 2763 2675 2846 (Rom,

546 2870 626 2943 V,
672 2869 785 2945 153
829 2870 855 2930 1
892 2869 1063 2946 Cor„
1095 2871 1244 2946 XV,
1279 2872 1497 2947 21-273
1533 2871 1737 2947 Phil„
1773 2873 1867 2948 II,
1902 2872 1987 2955 8).
2022 2873 2188 2935 Cum
2223 2873 2302 2935 de
2331 2872 2555 2940 παλαιὸς
2584 2872 2680 2933 ἄν·

444 3041 451 3048 )
546 2981 748 3058 θρωπος
779 2976 1020 3056 (Rom.‚
1052 2979 1170 3054 VI,
1205 2978 1282 3054 ὃς
1316 2979 1507 3059 Eph.,
1539 2980 1655 3052 IV,
1692 2981 1765 3040 22
1795 3000 1809 3054 ;
1843 2979 2006 3052 Col„
2038 2980 2167 3055 111,
2204 2979 2264 3060 9)
2304 2999 2514 3042 sermo
2552 2989 2677 3055 est,

492 3117 497 3122 ·
549 3082 688 3161 ipsa
718 3084 1063 3145 verborum
1095 3092 1414 3148 structura
1442 3085 1723 3148 ostendit
1754 3086 2100 3167 quemdam
2128 3105 2267 3149 esse
2292 3087 2470 3148 καινὸν
2491 3087 2681 3171 ἄνθρω-

548 3211 668 3250 πον.
696 3191 793 3251 Ac
823 3207 1047 3251 revera
1079 3190 1268 3253 talem
1297 3193 1638 3256 verborum
1662 3194 2192 3273 compositionem
2226 3194 2467 3257 Paulus
2499 3213 2684 3257 usur-

546 3306 655 3377 pat
676 3296 897 3379 (Eph.,
928 3298 1043 3374 IV,
1073 3298 1182 3375 243
1216 3300 1293 3361 cf.
1332 3299 1495 3377 COL,
1521 3301 1643 3378 III,
1674 3298 1772 3381 10)
1798 3310 1860 3363 et
1887 3301 1976 3362 τὸν
2005 3301 2111 3363 ἔσω
2140 3301 2406 3385 ἄνθρωπον
2437 3301 2679 3384 (Rota,

551 3405 696 3484 VII,
731 3407 805 3468 22
831 3426 851 3484 3
888 3406 1075 3487 Eph.,
1104 3406 1230 3484 III,
1264 3407 1363 3490 16)
1388 3417 1849 3473 commemorat
1873 3428 2065 3490 quem
2091 3415 2168 3493 τῷ
2197 3409 2299 3481 ἔξω
2329 3408 2587 3495 ἀνθρώπῳ
2609 3411 2681 3473 in

547 3515 583 3573 2
624 3513 768 3577 Cor.
791 3563 806 3592 ,
847 3515 970 3591 IV,
1012 3516 1080 3576 16
1115 3517 1395 3595 opponit.
1433 3516 1517 3579 Se
1551 3489 1765 3597 ipsum
1807 3517 2047 3579 Paulus
2076 3518 2342 3601 ἄνθρωπον
2378 3522 2432 3578 ἐν
2467 3520 2681 3601 Χριστῷ

549 3620 607 3700 (2
632 3620 778 3684 Cor.
801 3670 816 3699 ‚
848 3622 986 3684 XII
1012 3670 1026 3698 ,
1061 3623 1118 3701 2)
1155 3632 1352 3686 vocat.
1390 3624 1688 3703 Denique
1720 3625 1875 3686 satis
1910 3625 1993 3686 sit
2021 3624 2261 3703 legenti
2297 3625 2467 3688 locos
2502 3642 2679 3703 mag-

551 3746 786 3809 nopere
841 3731 922 3791 ad
973 3750 1113 3793 rem
1167 3733 1563 3811 pertinentes
1615 3732 1945 3808 indicare,
1997 3750 2159 3812 quos
2210 3732 2470 3811 longius
2520 3738 2682 3795 esset

552 3835 779 3897 afferre
807 3837 1035 3917 (Eph.,
1070 3838 1157 3913 ΙΙ,
1196 3839 1312 3916 15;
1350 3839 1463 3914 IV,
1499 3838 1599 3899 24.
1633 3838 1799 3915 Col.,
1834 3840 1973 3914 ΙΙΙ,
2013 3838 2130 3919 10).
2171 3840 2246 3899 Et
2286 3837 2433 3901 illos
2474 3837 2677 3915 locoS,

552 3953 612 4003 et
642 3952 934 4005 nostrum
969 3952 1205 4007 textum
1236 3964 1385 4008 cum
1417 3946 1608 4026 Eph.,
1643 3947 1759 4022 IV,
1805 3945 1875 4009 13
1906 3947 2314 4008 conferemus
2348 3971 2360 4006 :
2396 3944 2551 4028 μέχρι
2583 3971 2683 4008 κα-

546 4050 889 4131 ταντήσωμεν
922 4054 972 4111 οἱ
998 4053 1188 4120 πάντες
1223 4056 1296 4122 εἷς
1328 4052 1431 4132 τὴν
1467 4052 1685 4127 ἑνότητα
1722 4059 1816 4127 τῆς
1853 4052 2081 4120 πίστεως
2110 4052 2201 4114 καὶ
2229 4058 2324 4126 τῆς
2348 4054 2682 4133 ἐπιγνώσεως

546 4170 640 4220 τοῦ
682 4139 795 4220 υἱοῦι
829 4170 924 4220 τοῦ
952 4162 1093 4221 Θεοῦ
1112 4207 1129 4236 ,
1162 4165 1235 4229 εἷς
1278 4161 1474 4245 ἄνδρα
1519 4161 1750 4238 τέλειον,
1793 4166 1866 4230 εἷς
1905 4162 2091 4244 μέτρον
2115 4161 2323 4236 ἡλικίας
2352 4147 2443 4221 ’ἑοῦ
2473 4159 2682 4243 πληρώ-

524 4290 713 4346 ’ματος
740 4273 832 4328 τοῦ
861 4269 1112 4351 Χριστοῦ,
1145 4266 1229 4328 ἵνα
1260 4268 1447 4348 μηκέτι
1483 4250 1626 4349 ὦμον
1653 4270 1851 4342 νήπιοι.

632 4376 719 4436 Ex
757 4377 1061 4439 omnibus
1099 4375 1233 4438 illis
1277 4393 1442 4457 quae
1479 4395 1671 4457 supra
1719 4376 2191 4450 indicavimus,
2243 4393 2368 4437 non
2415 4376 2682 4437 omnino

551 4480 708 4544 false
750 4476 1167 4563 conjiciemus
1206 4501 1424 4548 vocem
1473 4485 1738 4566 ἄνθρωπος
1792 4484 1934 4546 voci
1981 4484 2109 4566 ἀνήρ
2163 4481 2254 4564 (in
2307 4482 2463 4562 Eph.
2514 4481 2683 4561 loco)

2320 4590 2355 4653 3
