<?xml version="1.0" encoding="UTF-8"?>
<!DOCTYPE html PUBLIC "-//W3C//DTD XHTML 1.0 Transitional//EN"
    "http://www.w3.org/TR/xhtml1/DTD/xhtml1-transitional.dtd">
<html xmlns="http://www.w3.org/1999/xhtml" xml:lang="en" lang="en">
 <head>
  <title>
</title>
<meta http-equiv="Content-Type" content="text/html;charset=utf-8" />
  <meta name='ocr-system' content='tesseract 3.04.00' />
  <meta name='ocr-capabilities' content='ocr_page ocr_carea ocr_par ocr_line ocrx_word'/>
</head>
<body>
  <div class='ocr_page' id='page_1' title='image "./depriorepauliad00boisgoog_0072.png"; bbox 0 0 3559 5609; ppageno 0'>
   <div class='ocr_carea' id='block_1_1' title="bbox 871 811 2108 872">
    <p class='ocr_par' dir='ltr' id='par_1_1' title="bbox 871 811 2108 872">
     <span class='ocr_line' id='line_1_1' title="bbox 871 811 2108 872; baseline 0 -10"><span class='ocrx_word' id='word_1_1' title='bbox 871 813 930 862; x_wconf 68' lang='lat'>64</span> <span class='ocrx_word' id='word_1_2' title='bbox 1770 811 1873 862; x_wconf 88' lang='lat' dir='ltr'>VII</span> <span class='ocrx_word' id='word_1_3' title='bbox 1890 849 1902 872; x_wconf 89' lang='lat'><strong>‚</strong></span> <span class='ocrx_word' id='word_1_4' title='bbox 1941 811 2108 862; x_wconf 85' lang='lat'><strong>10-17.</strong></span> 
     </span>
    </p>
   </div>
   <div class='ocr_carea' id='block_1_2' title="bbox 870 921 3010 1333">
    <p class='ocr_par' dir='ltr' id='par_1_2' title="bbox 870 921 3010 1333">
     <span class='ocr_line' id='line_1_2' title="bbox 874 921 3006 1008; baseline 0 -17"><span class='ocrx_word' id='word_1_5' title='bbox 874 928 1182 992; x_wconf 89' lang='lat' dir='ltr'>cabulum</span> <span class='ocrx_word' id='word_1_6' title='bbox 1213 947 1415 990; x_wconf 69' lang='lat' dir='ltr'>omnes</span> <span class='ocrx_word' id='word_1_7' title='bbox 1443 928 1758 1007; x_wconf 83' lang='lat' dir='ltr'>epistulae</span> <span class='ocrx_word' id='word_1_8' title='bbox 1787 928 2056 992; x_wconf 88' lang='lat' dir='ltr'>lectores</span> <span class='ocrx_word' id='word_1_9' title='bbox 2084 930 2183 991; x_wconf 86' lang='lat' dir='ltr'>vel</span> <span class='ocrx_word' id='word_1_10' title='bbox 2215 930 2577 1003; x_wconf 82' lang='lat' dir='ltr'>auditoreS‚</span> <span class='ocrx_word' id='word_1_11' title='bbox 2607 921 3006 1008; x_wconf 83' lang='lat' dir='ltr'>quicumque</span> 
     </span>
     <span class='ocr_line' id='line_1_3' title="bbox 873 1035 3007 1118; baseline -0.002 -17"><span class='ocrx_word' id='word_1_12' title='bbox 873 1037 1027 1112; x_wconf 77' lang='lat' dir='ltr'>siut,</span> <span class='ocrx_word' id='word_1_13' title='bbox 1060 1037 1177 1115; x_wconf 90' lang='lat' dir='ltr'>qui</span> <span class='ocrx_word' id='word_1_14' title='bbox 1207 1036 1628 1099; x_wconf 89' lang='lat' dir='ltr'>matrimonio</span> <span class='ocrx_word' id='word_1_15' title='bbox 1673 1035 1966 1115; x_wconf 88' lang='lat' dir='ltr'>quolibet</span> <span class='ocrx_word' id='word_1_16' title='bbox 2008 1039 2514 1118; x_wconf 89' lang='lat' dir='ltr'>conjungantur.</span> <span class='ocrx_word' id='word_1_17' title='bbox 2549 1035 2739 1098; x_wconf 92' lang='lat' dir='ltr'>Nihil</span> <span class='ocrx_word' id='word_1_18' title='bbox 2768 1053 3007 1099; x_wconf 87' lang='lat' dir='ltr'>correc-</span> 
     </span>
     <span class='ocr_line' id='line_1_4' title="bbox 873 1143 3010 1223; baseline 0 -18"><span class='ocrx_word' id='word_1_19' title='bbox 873 1144 1115 1213; x_wconf 83' lang='lat' dir='ltr'>tionem</span> <span class='ocrx_word' id='word_1_20' title='bbox 1157 1144 1402 1206; x_wconf 89' lang='lat' dir='ltr'>indicat</span> <span class='ocrx_word' id='word_1_21' title='bbox 1446 1150 1557 1204; x_wconf 90' lang='lat' dir='ltr'>aut</span> <span class='ocrx_word' id='word_1_22' title='bbox 1592 1143 2055 1222; x_wconf 74' lang='lat' dir='ltr'>exceptionem.</span> <span class='ocrx_word' id='word_1_23' title='bbox 2097 1144 2202 1205; x_wconf 88' lang='lat' dir='ltr'>De·</span> <span class='ocrx_word' id='word_1_24' title='bbox 2230 1145 2602 1223; x_wconf 81' lang='lat' dir='ltr'>exceptione</span> <span class='ocrx_word' id='word_1_25' title='bbox 2650 1145 2775 1207; x_wconf 87' lang='lat' dir='ltr'>ista</span> <span class='ocrx_word' id='word_1_26' title='bbox 2824 1143 3010 1206; x_wconf 81' lang='lat' dir='ltr'>Godet</span> 
     </span>
     <span class='ocr_line' id='line_1_5' title="bbox 870 1251 3007 1333; baseline -0 -20"><span class='ocrx_word' id='word_1_27' title='bbox 870 1252 1139 1333; x_wconf 88' lang='lat' dir='ltr'>quidem</span> <span class='ocrx_word' id='word_1_28' title='bbox 1171 1252 1453 1331; x_wconf 87' lang='lat' dir='ltr'>cogitare</span> <span class='ocrx_word' id='word_1_29' title='bbox 1483 1251 1674 1314; x_wconf 88' lang='lat' dir='ltr'>modo</span> <span class='ocrx_word' id='word_1_30' title='bbox 1707 1252 1936 1330; x_wconf 91' lang='lat' dir='ltr'>potuit,</span> <span class='ocrx_word' id='word_1_31' title='bbox 1971 1259 2310 1331; x_wconf 84' lang='lat' dir='ltr'>postquam</span> <span class='ocrx_word' id='word_1_32' title='bbox 2343 1272 2400 1314; x_wconf 84' lang='lat' dir='ltr'>V.</span> <span class='ocrx_word' id='word_1_33' title='bbox 2443 1253 2504 1313; x_wconf 88' lang='lat'>11</span> <span class='ocrx_word' id='word_1_34' title='bbox 2544 1272 2640 1332; x_wconf 90' lang='lat' dir='ltr'>sq.</span> <span class='ocrx_word' id='word_1_35' title='bbox 2676 1259 2736 1314; x_wconf 91' lang='lat' dir='ltr'>et</span> <span class='ocrx_word' id='word_1_36' title='bbox 2763 1251 2919 1332; x_wconf 87' lang='lat' dir='ltr'>legit</span> <span class='ocrx_word' id='word_1_37' title='bbox 2946 1258 3007 1314; x_wconf 92' lang='lat' dir='ltr'>et</span> 
     </span>
    </p>
   </div>
   <div class='ocr_carea' id='block_1_3' title="bbox 873 1359 3032 1439">
    <p class='ocr_par' dir='ltr' id='par_1_3' title="bbox 873 1359 3032 1439">
     <span class='ocr_line' id='line_1_6' title="bbox 873 1359 3032 1439; baseline 0 -18"><span class='ocrx_word' id='word_1_38' title='bbox 873 1360 1330 1439; x_wconf 85' lang='lat' dir='ltr'>interpretatus</span> <span class='ocrx_word' id='word_1_39' title='bbox 1365 1366 1480 1422; x_wconf 89' lang='lat' dir='ltr'>est.</span> <span class='ocrx_word' id='word_1_40' title='bbox 1514 1360 1776 1422; x_wconf 82' lang='lat' dir='ltr'>Priores</span> <span class='ocrx_word' id='word_1_41' title='bbox 1807 1368 2022 1422; x_wconf 87' lang='lat' dir='ltr'>autem</span> <span class='ocrx_word' id='word_1_42' title='bbox 2052 1359 2374 1439; x_wconf 36' lang='lat' dir='ltr'>epistulae.</span> <span class='ocrx_word' id='word_1_43' title='bbox 2395 1360 2662 1423; x_wconf 88' lang='lat' dir='ltr'>lectores</span> <span class='ocrx_word' id='word_1_44' title='bbox 2691 1361 2806 1439; x_wconf 89' lang='lat' dir='ltr'>qui</span> <span class='ocrx_word' id='word_1_45' title='bbox 2841 1361 3032 1422; x_wconf 83' lang='lat' dir='ltr'>veri-&#39;</span> 
     </span>
    </p>
   </div>
   <div class='ocr_carea' id='block_1_4' title="bbox 865 1466 3009 4127">
    <p class='ocr_par' dir='ltr' id='par_1_4' title="bbox 865 1466 3009 4017">
     <span class='ocr_line' id='line_1_7' title="bbox 869 1466 3006 1546; baseline -0.002 -15"><span class='ocrx_word' id='word_1_46' title='bbox 869 1466 1175 1531; x_wconf 86' lang='lat' dir='ltr'>similiter</span> <span class='ocrx_word' id='word_1_47' title='bbox 1192 1483 1324 1528; x_wconf 91' lang='lat' dir='ltr'>non</span> <span class='ocrx_word' id='word_1_48' title='bbox 1347 1467 1427 1527; x_wconf 91' lang='lat' dir='ltr'>ab</span> <span class='ocrx_word' id='word_1_49' title='bbox 1453 1467 1586 1529; x_wconf 91' lang='lat' dir='ltr'>imo</span> <span class='ocrx_word' id='word_1_50' title='bbox 1609 1467 1954 1546; x_wconf 84' lang='lat' dir='ltr'>epistulam</span> <span class='ocrx_word' id='word_1_51' title='bbox 1978 1468 2188 1545; x_wconf 89' lang='lat' dir='ltr'>legere</span> <span class='ocrx_word' id='word_1_52' title='bbox 2208 1467 2604 1546; x_wconf 83' lang='lat' dir='ltr'>inceperant,</span> <span class='ocrx_word' id='word_1_53' title='bbox 2626 1466 3006 1544; x_wconf 87' lang='lat' dir='ltr'>neutiquam</span> 
     </span>
     <span class='ocr_line' id='line_1_8' title="bbox 869 1561 3002 1658; baseline -0.002 -20"><span class='ocrx_word' id='word_1_54' title='bbox 869 1574 1206 1638; x_wconf 88' lang='lat' dir='ltr'>admoneri</span> <span class='ocrx_word' id='word_1_55' title='bbox 1237 1580 1529 1654; x_wconf 88' lang='lat' dir='ltr'>poterant</span> <span class='ocrx_word' id='word_1_56' title='bbox 1552 1561 1631 1636; x_wconf 73' lang='lat' dir='ltr'>d&#39;e</span> <span class='ocrx_word' id='word_1_57' title='bbox 1664 1575 1727 1634; x_wconf 88' lang='lat' dir='ltr'>vi</span> <span class='ocrx_word' id='word_1_58' title='bbox 1752 1575 2014 1654; x_wconf 88' lang='lat' dir='ltr'>speciali</span> <span class='ocrx_word' id='word_1_59' title='bbox 2039 1593 2113 1638; x_wconf 90' lang='lat' dir='ltr'>ac</span> <span class='ocrx_word' id='word_1_60' title='bbox 2141 1576 2627 1656; x_wconf 89' lang='lat' dir='ltr'>circumscripta</span> <span class='ocrx_word' id='word_1_61' title='bbox 2657 1594 2716 1635; x_wconf 91' lang='lat' dir='ltr'>v.</span> <span class='ocrx_word' id='word_1_62' title='bbox 2740 1598 3002 1658; x_wconf 80' lang='grc' dir='ltr'><strong>γεγαμηκ.</strong></span> 
     </span>
     <span class='ocr_line' id='line_1_9' title="bbox 866 1681 3007 1774; baseline -0.001 -28"><span class='ocrx_word' id='word_1_63' title='bbox 866 1681 1172 1746; x_wconf 88' lang='lat' dir='ltr'>Ceterum</span> <span class='ocrx_word' id='word_1_64' title='bbox 1199 1698 1366 1761; x_wconf 89' lang='lat' dir='ltr'>quae</span> <span class='ocrx_word' id='word_1_65' title='bbox 1394 1683 1557 1744; x_wconf 86' lang='lat' dir='ltr'>ratio</span> <span class='ocrx_word' id='word_1_66' title='bbox 1594 1683 1664 1743; x_wconf 94' lang='lat' dir='ltr'>in</span> <span class='ocrx_word' id='word_1_67' title='bbox 1699 1700 1760 1747; x_wconf 81' lang='lat' dir='ltr'>v,</span> <span class='ocrx_word' id='word_1_68' title='bbox 1802 1682 1968 1744; x_wconf 90' lang='lat'>10-11</span> <span class='ocrx_word' id='word_1_69' title='bbox 2005 1682 2305 1744; x_wconf 89' lang='lat' dir='ltr'>instituta</span> <span class='ocrx_word' id='word_1_70' title='bbox 2331 1683 2483 1756; x_wconf 83' lang='lat' dir='ltr'>fuit,</span> <span class='ocrx_word' id='word_1_71' title='bbox 2514 1683 2679 1746; x_wconf 85' lang='lat' dir='ltr'>ratio</span> <span class='ocrx_word' id='word_1_72' title='bbox 2707 1689 2802 1774; x_wconf 83' lang='lat' dir='ltr'>est</span> <span class='ocrx_word' id='word_1_73' title='bbox 2830 1699 3007 1746; x_wconf 85' lang='lat' dir='ltr'>eom-</span> 
     </span>
     <span class='ocr_line' id='line_1_10' title="bbox 871 1789 3008 1870; baseline -0 -18"><span class='ocrx_word' id='word_1_74' title='bbox 871 1791 1098 1852; x_wconf 89' lang='lat' dir='ltr'>munis</span> <span class='ocrx_word' id='word_1_75' title='bbox 1127 1806 1295 1868; x_wconf 90' lang='lat' dir='ltr'>quae</span> <span class='ocrx_word' id='word_1_76' title='bbox 1325 1806 1457 1851; x_wconf 90' lang='lat' dir='ltr'>non</span> <span class='ocrx_word' id='word_1_77' title='bbox 1490 1789 1713 1851; x_wconf 92' lang='lat' dir='ltr'>minus</span> <span class='ocrx_word' id='word_1_78' title='bbox 1734 1790 1815 1850; x_wconf 89' lang='lat' dir='ltr'>ad</span> <span class='ocrx_word' id='word_1_79' title='bbox 1847 1790 2123 1869; x_wconf 89' lang='lat' dir='ltr'>imparia</span> <span class='ocrx_word' id='word_1_80' title='bbox 2148 1808 2343 1869; x_wconf 89' lang='lat' dir='ltr'>quam</span> <span class='ocrx_word' id='word_1_81' title='bbox 2375 1790 2454 1852; x_wconf 89' lang='lat' dir='ltr'>ad</span> <span class='ocrx_word' id='word_1_82' title='bbox 2483 1791 2660 1870; x_wconf 87' lang='lat' dir='ltr'>paria</span> <span class='ocrx_word' id='word_1_83' title='bbox 2679 1790 3008 1853; x_wconf 88' lang='lat' dir='ltr'>connubia</span> 
     </span>
     <span class='ocr_line' id='line_1_11' title="bbox 871 1885 3008 1983; baseline -0.001 -22"><span class='ocrx_word' id='word_1_84' title='bbox 871 1897 1169 1977; x_wconf 75' lang='lat' dir='ltr'>pertinet,</span> <span class='ocrx_word' id='word_1_85' title='bbox 1206 1897 1565 1975; x_wconf 85' lang='lat' dir='ltr'>Fingamus</span> <span class='ocrx_word' id='word_1_86' title='bbox 1609 1895 1893 1959; x_wconf 88' lang='lat' dir='ltr'>Paulum</span> <span class='ocrx_word' id='word_1_87' title='bbox 1925 1899 1985 1957; x_wconf 80' lang='grc' dir='ltr'>οὗ</span> <span class='ocrx_word' id='word_1_88' title='bbox 2015 1885 2331 1959; x_wconf 70' lang='grc' dir='ltr'>δεδούλώται</span> <span class='ocrx_word' id='word_1_89' title='bbox 2360 1903 2389 1959; x_wconf 81' lang='grc' dir='ltr'>ὁ</span> <span class='ocrx_word' id='word_1_90' title='bbox 2417 1895 2700 1983; x_wconf 75' lang='grc' dir='ltr'>ἀδελφὸςῆ</span> <span class='ocrx_word' id='word_1_91' title='bbox 2734 1903 2770 1972; x_wconf 83' lang='grc' dir='ltr'>ἡ</span> <span class='ocrx_word' id='word_1_92' title='bbox 2810 1894 3008 1982; x_wconf 75' lang='grc' dir='ltr'>ἀδελφὴ</span> 
     </span>
     <span class='ocr_line' id='line_1_12' title="bbox 870 2001 3009 2086; baseline 0 -20"><span class='ocrx_word' id='word_1_93' title='bbox 870 2009 924 2066; x_wconf 70' lang='grc' dir='ltr'>ἐν</span> <span class='ocrx_word' id='word_1_94' title='bbox 952 2010 1061 2073; x_wconf 81' lang='grc' dir='ltr'>τοῖς</span> <span class='ocrx_word' id='word_1_95' title='bbox 1088 2001 1341 2073; x_wconf 80' lang='grc' dir='ltr'>τοιούτοις</span> <span class='ocrx_word' id='word_1_96' title='bbox 1367 2005 1723 2082; x_wconf 79' lang='lat' dir='ltr'>scripsisse,</span> <span class='ocrx_word' id='word_1_97' title='bbox 1749 2012 1811 2067; x_wconf 91' lang='lat' dir='ltr'>et</span> <span class='ocrx_word' id='word_1_98' title='bbox 1835 2005 2019 2083; x_wconf 89' lang='lat' dir='ltr'>prius</span> <span class='ocrx_word' id='word_1_99' title='bbox 2045 2023 2175 2068; x_wconf 91' lang='lat' dir='ltr'>non</span> <span class='ocrx_word' id='word_1_100' title='bbox 2202 2006 2444 2068; x_wconf 84' lang='lat' dir='ltr'>dixisse</span> <span class='ocrx_word' id='word_1_101' title='bbox 2467 2007 2778 2086; x_wconf 87' lang='lat' dir='ltr'>conjuges</span> <span class='ocrx_word' id='word_1_102' title='bbox 2807 2005 3009 2067; x_wconf 90' lang='lat' dir='ltr'>chris-</span> 
     </span>
     <span class='ocr_line' id='line_1_13' title="bbox 871 2110 3006 2193; baseline -0.001 -19"><span class='ocrx_word' id='word_1_103' title='bbox 871 2114 1086 2176; x_wconf 89' lang='lat' dir='ltr'>tianos</span> <span class='ocrx_word' id='word_1_104' title='bbox 1121 2110 1483 2190; x_wconf 87' lang='lat' dir='ltr'>imparibus</span> <span class='ocrx_word' id='word_1_105' title='bbox 1514 2112 1955 2175; x_wconf 88' lang='lat' dir='ltr'>matrimoniis</span> <span class='ocrx_word' id='word_1_106' title='bbox 1982 2114 2245 2193; x_wconf 88' lang='lat' dir='ltr'>junctos</span> <span class='ocrx_word' id='word_1_107' title='bbox 2290 2111 2608 2190; x_wconf 85' lang='lat' dir='ltr'>adstringi</span> <span class='ocrx_word' id='word_1_108' title='bbox 2648 2129 2816 2175; x_wconf 85' lang='lat' dir='ltr'>nova</span> <span class='ocrx_word' id='word_1_109' title='bbox 2856 2128 3006 2175; x_wconf 57' lang='lat' dir='ltr'>conv</span> 
     </span>
     <span class='ocr_line' id='line_1_14' title="bbox 876 2219 3005 2299; baseline -0 -17"><span class='ocrx_word' id='word_1_110' title='bbox 876 2220 1080 2283; x_wconf 88' lang='lat' dir='ltr'>nubia</span> <span class='ocrx_word' id='word_1_111' title='bbox 1110 2236 1242 2281; x_wconf 90' lang='lat' dir='ltr'>non</span> <span class='ocrx_word' id='word_1_112' title='bbox 1274 2219 1673 2295; x_wconf 86' lang='lat' dir='ltr'>contrahere,</span> <span class='ocrx_word' id='word_1_113' title='bbox 1702 2220 1756 2282; x_wconf 92' lang='lat' dir='ltr'>si</span> <span class='ocrx_word' id='word_1_114' title='bbox 1780 2219 2307 2298; x_wconf 88' lang='lat' dir='ltr'>relinquerentur</span> <span class='ocrx_word' id='word_1_115' title='bbox 2334 2237 2372 2279; x_wconf 90' lang='lat' dir='ltr'>a</span> <span class='ocrx_word' id='word_1_116' title='bbox 2399 2236 2650 2298; x_wconf 88' lang='lat' dir='ltr'>pagano</span> <span class='ocrx_word' id='word_1_117' title='bbox 2683 2235 3005 2299; x_wconf 87' lang='lat' dir='ltr'>paganave</span> 
     </span>
     <span class='ocr_line' id='line_1_15' title="bbox 871 2326 3005 2409; baseline -0 -19"><span class='ocrx_word' id='word_1_118' title='bbox 871 2328 1149 2409; x_wconf 90' lang='lat' dir='ltr'>conjuge</span> <span class='ocrx_word' id='word_1_119' title='bbox 1188 2351 1201 2386; x_wconf 74' lang='grc' dir='ltr'><strong>ε</strong></span> <span class='ocrx_word' id='word_1_120' title='bbox 1247 2328 1505 2389; x_wconf 88' lang='lat' dir='ltr'>credere</span> <span class='ocrx_word' id='word_1_121' title='bbox 1553 2329 1915 2406; x_wconf 89' lang='lat' dir='ltr'>potuissent</span> <span class='ocrx_word' id='word_1_122' title='bbox 1959 2326 2287 2390; x_wconf 88' lang='lat' dir='ltr'>Corinthii</span> <span class='ocrx_word' id='word_1_123' title='bbox 2330 2328 2598 2407; x_wconf 69' lang='lat' dir='ltr'>‘conjugi</span> <span class='ocrx_word' id='word_1_124' title='bbox 2650 2328 3005 2391; x_wconf 90' lang='lat' dir='ltr'>christiano</span> 
     </span>
     <span class='ocr_line' id='line_1_16' title="bbox 870 2433 3006 2514; baseline 0 -17"><span class='ocrx_word' id='word_1_125' title='bbox 870 2433 1341 2497; x_wconf 87' lang='lat' dir='ltr'>christianaeve</span> <span class='ocrx_word' id='word_1_126' title='bbox 1370 2435 1566 2497; x_wconf 89' lang='lat' dir='ltr'>licere</span> <span class='ocrx_word' id='word_1_127' title='bbox 1596 2435 1675 2496; x_wconf 83' lang='lat' dir='ltr'>ad</span> <span class='ocrx_word' id='word_1_128' title='bbox 1706 2434 1869 2496; x_wconf 89' lang='lat' dir='ltr'>alias</span> <span class='ocrx_word' id='word_1_129' title='bbox 1900 2435 2161 2514; x_wconf 88' lang='lat' dir='ltr'>nuptias</span> <span class='ocrx_word' id='word_1_130' title='bbox 2194 2435 2490 2510; x_wconf 89' lang='lat' dir='ltr'>transire,</span> <span class='ocrx_word' id='word_1_131' title='bbox 2526 2435 2780 2499; x_wconf 89' lang='lat' dir='ltr'>vivente</span> <span class='ocrx_word' id='word_1_132' title='bbox 2811 2434 3006 2497; x_wconf 88' lang='lat' dir='ltr'>etiam</span> 
     </span>
     <span class='ocr_line' id='line_1_17' title="bbox 869 2540 3005 2624; baseline 0.002 -21"><span class='ocrx_word' id='word_1_133' title='bbox 869 2540 1067 2604; x_wconf 89' lang='lat' dir='ltr'>altero</span> <span class='ocrx_word' id='word_1_134' title='bbox 1117 2540 1397 2604; x_wconf 87' lang='lat' dir='ltr'>alterave</span> <span class='ocrx_word' id='word_1_135' title='bbox 1445 2543 1722 2622; x_wconf 89' lang='lat' dir='ltr'>conjuge</span> <span class='ocrx_word' id='word_1_136' title='bbox 1763 2545 2035 2620; x_wconf 88' lang='lat' dir='ltr'>(pagano</span> <span class='ocrx_word' id='word_1_137' title='bbox 2091 2559 2423 2622; x_wconf 86' lang='lat' dir='ltr'>paganave</span> <span class='ocrx_word' id='word_1_138' title='bbox 2472 2541 2572 2605; x_wconf 85' lang='lat' dir='ltr'>vel</span> <span class='ocrx_word' id='word_1_139' title='bbox 2614 2543 2852 2622; x_wconf 85' lang='lat' dir='ltr'>judaeo</span> <span class='ocrx_word' id='word_1_140' title='bbox 2893 2545 3005 2624; x_wconf 85' lang='lat' dir='ltr'>jn-</span> 
     </span>
     <span class='ocr_line' id='line_1_18' title="bbox 871 2647 3007 2729; baseline 0.001 -18"><span class='ocrx_word' id='word_1_141' title='bbox 871 2647 1154 2729; x_wconf 89' lang='lat' dir='ltr'>daeave).</span> <span class='ocrx_word' id='word_1_142' title='bbox 1210 2648 1478 2710; x_wconf 91' lang='lat' dir='ltr'>Diutius</span> <span class='ocrx_word' id='word_1_143' title='bbox 1520 2649 2014 2726; x_wconf 81' lang='lat' dir='ltr'>exspectavisset</span> <span class='ocrx_word' id='word_1_144' title='bbox 2063 2650 2311 2712; x_wconf 87' lang='lat' dir='ltr'>Paulus</span> <span class='ocrx_word' id='word_1_145' title='bbox 2357 2657 2428 2711; x_wconf 90' lang='lat' dir='ltr'>ut</span> <span class='ocrx_word' id='word_1_146' title='bbox 2479 2650 2628 2712; x_wconf 85' lang='lat' dir='ltr'>illos</span> <span class='ocrx_word' id='word_1_147' title='bbox 2667 2651 2747 2712; x_wconf 89' lang='lat' dir='ltr'>ab</span> <span class='ocrx_word' id='word_1_148' title='bbox 2794 2667 3007 2713; x_wconf 89' lang='lat' dir='ltr'>errore</span> 
     </span>
     <span class='ocr_line' id='line_1_19' title="bbox 871 2754 3003 2836; baseline 0 -18"><span class='ocrx_word' id='word_1_149' title='bbox 871 2762 1200 2830; x_wconf 84' lang='lat' dir='ltr'>averteret,</span> <span class='ocrx_word' id='word_1_150' title='bbox 1239 2756 1293 2817; x_wconf 94' lang='lat' dir='ltr'>si</span> <span class='ocrx_word' id='word_1_151' title='bbox 1329 2772 1537 2834; x_wconf 91' lang='lat' dir='ltr'>usque</span> <span class='ocrx_word' id='word_1_152' title='bbox 1565 2755 1646 2815; x_wconf 91' lang='lat' dir='ltr'>ad</span> <span class='ocrx_word' id='word_1_153' title='bbox 1677 2774 1735 2815; x_wconf 89' lang='lat' dir='ltr'>v.</span> <span class='ocrx_word' id='word_1_154' title='bbox 1773 2754 1960 2817; x_wconf 83' lang='lat'>39-40</span> <span class='ocrx_word' id='word_1_155' title='bbox 1991 2758 2504 2835; x_wconf 81' lang='lat' dir='ltr'>exspectavisset,</span> <span class='ocrx_word' id='word_1_156' title='bbox 2531 2758 2599 2817; x_wconf 91' lang='lat' dir='ltr'>in</span> <span class='ocrx_word' id='word_1_157' title='bbox 2631 2758 2875 2836; x_wconf 91' lang='lat' dir='ltr'>quibus</span> <span class='ocrx_word' id='word_1_158' title='bbox 2902 2774 3003 2819; x_wconf 89' lang='lat' dir='ltr'>ce-</span> 
     </span>
     <span class='ocr_line' id='line_1_20' title="bbox 872 2861 3007 2942; baseline 0.001 -18"><span class='ocrx_word' id='word_1_159' title='bbox 872 2869 1082 2926; x_wconf 88' lang='lat' dir='ltr'>terum</span> <span class='ocrx_word' id='word_1_160' title='bbox 1123 2863 1203 2926; x_wconf 87' lang='lat' dir='ltr'>de</span> <span class='ocrx_word' id='word_1_161' title='bbox 1245 2861 1375 2927; x_wconf 83' lang='lat' dir='ltr'>alia</span> <span class='ocrx_word' id='word_1_162' title='bbox 1425 2862 1864 2940; x_wconf 88' lang='lat' dir='ltr'>disputatione</span> <span class='ocrx_word' id='word_1_163' title='bbox 1911 2863 2289 2942; x_wconf 83' lang='lat' dir='ltr'>ambigitur.</span> <span class='ocrx_word' id='word_1_164' title='bbox 2340 2899 2410 2911; x_wconf 92' lang='lat'>—-</span> <span class='ocrx_word' id='word_1_165' title='bbox 2456 2864 2643 2939; x_wconf 86' lang='lat' dir='ltr'>Quod</span> <span class='ocrx_word' id='word_1_166' title='bbox 2683 2866 2763 2927; x_wconf 89' lang='lat' dir='ltr'>ad</span> <span class='ocrx_word' id='word_1_167' title='bbox 2806 2868 3007 2933; x_wconf 77' lang='grc' dir='ltr'>λοιποῖς</span> 
     </span>
     <span class='ocr_line' id='line_1_21' title="bbox 871 2970 3006 3051; baseline 0.001 -18"><span class='ocrx_word' id='word_1_168' title='bbox 871 2971 1119 3046; x_wconf 89' lang='lat' dir='ltr'>attinet,</span> <span class='ocrx_word' id='word_1_169' title='bbox 1146 2988 1275 3033; x_wconf 86' lang='lat' dir='ltr'>non</span> <span class='ocrx_word' id='word_1_170' title='bbox 1302 2970 1450 3032; x_wconf 88' lang='lat' dir='ltr'>licet</span> <span class='ocrx_word' id='word_1_171' title='bbox 1472 2987 1581 3032; x_wconf 82' lang='lat' dir='ltr'>eos</span> <span class='ocrx_word' id='word_1_172' title='bbox 1602 2988 1714 3048; x_wconf 92' lang='lat' dir='ltr'>pro</span> <span class='ocrx_word' id='word_1_173' title='bbox 1737 2971 2131 3049; x_wconf 90' lang='lat' dir='ltr'>conjugibus</span> <span class='ocrx_word' id='word_1_174' title='bbox 2154 2971 2388 3034; x_wconf 90' lang='lat' dir='ltr'>habere</span> <span class='ocrx_word' id='word_1_175' title='bbox 2414 2973 2650 3051; x_wconf 87' lang='lat' dir='ltr'>impari</span> <span class='ocrx_word' id='word_1_176' title='bbox 2675 2973 3006 3036; x_wconf 91' lang='lat' dir='ltr'>connubio</span> 
     </span>
     <span class='ocr_line' id='line_1_22' title="bbox 865 3077 3008 3160; baseline 0.001 -21"><span class='ocrx_word' id='word_1_177' title='bbox 865 3077 1136 3160; x_wconf 85' lang='lat' dir='ltr'>junctis.</span> <span class='ocrx_word' id='word_1_178' title='bbox 1171 3078 1290 3139; x_wconf 84' lang='lat' dir='ltr'>Illa</span> <span class='ocrx_word' id='word_1_179' title='bbox 1321 3078 1760 3157; x_wconf 86' lang='lat' dir='ltr'>interpretatio</span> <span class='ocrx_word' id='word_1_180' title='bbox 1789 3098 1848 3139; x_wconf 91' lang='lat' dir='ltr'>v.</span> <span class='ocrx_word' id='word_1_181' title='bbox 1877 3088 1987 3146; x_wconf 75' lang='grc' dir='ltr'>τοῖς</span> <span class='ocrx_word' id='word_1_182' title='bbox 2016 3081 2217 3147; x_wconf 76' lang='grc' dir='ltr'>λοιποῖς</span> <span class='ocrx_word' id='word_1_183' title='bbox 2249 3098 2513 3141; x_wconf 89' lang='lat' dir='ltr'>sensum</span> <span class='ocrx_word' id='word_1_184' title='bbox 2541 3080 2648 3141; x_wconf 90' lang='lat' dir='ltr'>dat</span> <span class='ocrx_word' id='word_1_185' title='bbox 2672 3099 2867 3159; x_wconf 89' lang='lat' dir='ltr'>quem</span> <span class='ocrx_word' id='word_1_186' title='bbox 2890 3097 3008 3142; x_wconf 91' lang='lat' dir='ltr'>nec</span> 
     </span>
     <span class='ocr_line' id='line_1_23' title="bbox 869 3183 3006 3264; baseline 0 -17"><span class='ocrx_word' id='word_1_187' title='bbox 869 3183 1156 3247; x_wconf 87' lang='lat' dir='ltr'>habuere</span> <span class='ocrx_word' id='word_1_188' title='bbox 1197 3203 1524 3264; x_wconf 88' lang='lat' dir='ltr'>unquam,</span> <span class='ocrx_word' id='word_1_189' title='bbox 1560 3203 1679 3247; x_wconf 90' lang='lat' dir='ltr'>nec</span> <span class='ocrx_word' id='word_1_190' title='bbox 1724 3185 1965 3247; x_wconf 90' lang='lat' dir='ltr'>habere</span> <span class='ocrx_word' id='word_1_191' title='bbox 2004 3194 2292 3264; x_wconf 89' lang='lat' dir='ltr'>possunt,</span> <span class='ocrx_word' id='word_1_192' title='bbox 2321 3205 2440 3250; x_wconf 91' lang='lat' dir='ltr'>nec</span> <span class='ocrx_word' id='word_1_193' title='bbox 2468 3195 2802 3250; x_wconf 80' lang='lat' dir='ltr'>contextus</span> <span class='ocrx_word' id='word_1_194' title='bbox 2830 3188 3006 3249; x_wconf 88' lang='lat' dir='ltr'>indi-</span> 
     </span>
     <span class='ocr_line' id='line_1_24' title="bbox 872 3289 3007 3377; baseline 0.002 -24"><span class='ocrx_word' id='word_1_195' title='bbox 872 3299 973 3354; x_wconf 79' lang='lat' dir='ltr'>cat</span> <span class='ocrx_word' id='word_1_196' title='bbox 1009 3310 1023 3354; x_wconf 89' lang='lat'>:</span> <span class='ocrx_word' id='word_1_197' title='bbox 1061 3299 1284 3355; x_wconf 71' lang='lat' dir='ltr'>Contra</span> <span class='ocrx_word' id='word_1_198' title='bbox 1312 3310 1509 3372; x_wconf 82' lang='lat' dir='ltr'>quam</span> <span class='ocrx_word' id='word_1_199' title='bbox 1544 3309 1730 3354; x_wconf 81' lang='lat' dir='ltr'>VOCOS</span> <span class='ocrx_word' id='word_1_200' title='bbox 1764 3291 1816 3353; x_wconf 83' lang='grc' dir='ltr'>εἴ</span> <span class='ocrx_word' id='word_1_201' title='bbox 1840 3316 1919 3360; x_wconf 88' lang='grc' dir='ltr'>τις</span> <span class='ocrx_word' id='word_1_202' title='bbox 1949 3289 2244 3377; x_wconf 80' lang='grc' dir='ltr'>ἀδελφός...</span> <span class='ocrx_word' id='word_1_203' title='bbox 2278 3295 2370 3355; x_wconf 82' lang='grc' dir='ltr'>καὶ</span> <span class='ocrx_word' id='word_1_204' title='bbox 2393 3295 2519 3376; x_wconf 82' lang='grc' dir='ltr'>γυνὴ</span> <span class='ocrx_word' id='word_1_205' title='bbox 2548 3295 2598 3357; x_wconf 82' lang='grc' dir='ltr'>εἴ</span> <span class='ocrx_word' id='word_1_206' title='bbox 2625 3322 2779 3365; x_wconf 86' lang='grc' dir='ltr'><strong>τις...</strong></span> <span class='ocrx_word' id='word_1_207' title='bbox 2818 3296 3007 3376; x_wconf 78' lang='lat' dir='ltr'>quaSi</span> 
     </span>
     <span class='ocr_line' id='line_1_25' title="bbox 871 3401 3001 3481; baseline 0.001 -19"><span class='ocrx_word' id='word_1_208' title='bbox 871 3413 1136 3463; x_wconf 89' lang='lat' dir='ltr'>causam</span> <span class='ocrx_word' id='word_1_209' title='bbox 1184 3407 1408 3478; x_wconf 87' lang='lat' dir='ltr'>agunt.</span> <span class='ocrx_word' id='word_1_210' title='bbox 1452 3401 1542 3463; x_wconf 94' lang='lat' dir='ltr'>Ut</span> <span class='ocrx_word' id='word_1_211' title='bbox 1585 3418 1686 3462; x_wconf 87' lang='lat' dir='ltr'>res</span> <span class='ocrx_word' id='word_1_212' title='bbox 1729 3419 1868 3463; x_wconf 89' lang='lat' dir='ltr'>sese</span> <span class='ocrx_word' id='word_1_213' title='bbox 1911 3403 2098 3480; x_wconf 89' lang='lat' dir='ltr'>dant,</span> <span class='ocrx_word' id='word_1_214' title='bbox 2147 3404 2550 3481; x_wconf 88' lang='lat' dir='ltr'>corrigamus</span> <span class='ocrx_word' id='word_1_215' title='bbox 2595 3404 2657 3465; x_wconf 85' lang='grc' dir='ltr'>τὸ</span> <span class='ocrx_word' id='word_1_216' title='bbox 2700 3402 2754 3465; x_wconf 86' lang='grc' dir='ltr'>δὲ</span> <span class='ocrx_word' id='word_1_217' title='bbox 2801 3403 3001 3465; x_wconf 88' lang='grc' dir='ltr'>λοιπόν.</span> 
     </span>
     <span class='ocr_line' id='line_1_26' title="bbox 873 3503 3003 3591; baseline 0.002 -24"><span class='ocrx_word' id='word_1_218' title='bbox 873 3503 1179 3568; x_wconf 89' lang='lat' dir='ltr'>Mendam</span> <span class='ocrx_word' id='word_1_219' title='bbox 1228 3506 1530 3585; x_wconf 71' lang='lat' dir='ltr'>perfacile</span> <span class='ocrx_word' id='word_1_220' title='bbox 1575 3509 1905 3586; x_wconf 84' lang='lat' dir='ltr'>expedieS,</span> <span class='ocrx_word' id='word_1_221' title='bbox 1940 3528 2090 3571; x_wconf 91' lang='lat' dir='ltr'>cum</span> <span class='ocrx_word' id='word_1_222' title='bbox 2122 3511 2420 3573; x_wconf 84' lang='lat' dir='ltr'>confusio</span> <span class='ocrx_word' id='word_1_223' title='bbox 2459 3535 2486 3570; x_wconf 89' lang='grc' dir='ltr'>ν</span> <span class='ocrx_word' id='word_1_224' title='bbox 2517 3517 2578 3573; x_wconf 88' lang='lat' dir='ltr'>et</span> <span class='ocrx_word' id='word_1_225' title='bbox 2620 3538 2661 3580; x_wconf 81' lang='grc' dir='ltr'>ις</span> <span class='ocrx_word' id='word_1_226' title='bbox 2700 3512 3003 3591; x_wconf 89' lang='lat' dir='ltr'>frequen-</span> 
     </span>
     <span class='ocr_line' id='line_1_27' title="bbox 870 3614 3002 3698; baseline 0.003 -25"><span class='ocrx_word' id='word_1_227' title='bbox 870 3614 1125 3676; x_wconf 86' lang='lat' dir='ltr'>tissima</span> <span class='ocrx_word' id='word_1_228' title='bbox 1174 3615 1258 3677; x_wconf 90' lang='lat' dir='ltr'>sit</span> <span class='ocrx_word' id='word_1_229' title='bbox 1307 3615 1508 3691; x_wconf 79' lang='lat' dir='ltr'>(Base,</span> <span class='ocrx_word' id='word_1_230' title='bbox 1560 3616 1882 3690; x_wconf 82' lang='lat' dir='ltr'>Tourm&#39;er,</span> <span class='ocrx_word' id='word_1_231' title='bbox 1930 3615 2280 3698; x_wconf 72' lang='lat' dir='ltr'>Vollyraff),</span> <span class='ocrx_word' id='word_1_232' title='bbox 2316 3625 2377 3679; x_wconf 92' lang='lat' dir='ltr'>et</span> <span class='ocrx_word' id='word_1_233' title='bbox 2407 3620 2678 3681; x_wconf 90' lang='lat' dir='ltr'>mutatio</span> <span class='ocrx_word' id='word_1_234' title='bbox 2709 3617 2889 3680; x_wconf 84' lang='grc' dir='ltr'>λοιπόν</span> <span class='ocrx_word' id='word_1_235' title='bbox 2932 3619 3002 3681; x_wconf 88' lang='lat' dir='ltr'>in</span> 
     </span>
     <span class='ocr_line' id='line_1_28' title="bbox 866 3720 3002 3804; baseline 0.003 -24"><span class='ocrx_word' id='word_1_236' title='bbox 866 3720 1099 3795; x_wconf 85' lang='grc' dir='ltr'>λοιποῖς,</span> <span class='ocrx_word' id='word_1_237' title='bbox 1143 3738 1339 3801; x_wconf 79' lang='lat' dir='ltr'>quam</span> <span class='ocrx_word' id='word_1_238' title='bbox 1390 3722 1557 3801; x_wconf 81' lang='lat' dir='ltr'>plur.</span> <span class='ocrx_word' id='word_1_239' title='bbox 1605 3722 1734 3783; x_wconf 83' lang='lat' dir='ltr'>dat.</span> <span class='ocrx_word' id='word_1_240' title='bbox 1781 3720 2016 3803; x_wconf 66' lang='grc' dir='ltr'>ἀγάμοιξ</span> <span class='ocrx_word' id='word_1_241' title='bbox 2051 3730 2111 3785; x_wconf 81' lang='lat' dir='ltr'>et</span> <span class='ocrx_word' id='word_1_242' title='bbox 2152 3723 2510 3804; x_wconf 82' lang='grc' dir='ltr'>γεγαμηκόσιν</span> <span class='ocrx_word' id='word_1_243' title='bbox 2556 3726 2804 3787; x_wconf 79' lang='lat' dir='ltr'>scribae</span> <span class='ocrx_word' id='word_1_244' title='bbox 2847 3725 3002 3787; x_wconf 87' lang='lat' dir='ltr'>dili-</span> 
     </span>
     <span class='ocr_line' id='line_1_29' title="bbox 866 3823 3002 3908; baseline 0.002 -19"><span class='ocrx_word' id='word_1_245' title='bbox 866 3828 1044 3905; x_wconf 87' lang='lat' dir='ltr'>genti</span> <span class='ocrx_word' id='word_1_246' title='bbox 1081 3846 1311 3907; x_wconf 90' lang='lat' dir='ltr'>parum</span> <span class='ocrx_word' id='word_1_247' title='bbox 1346 3837 1724 3905; x_wconf 86' lang='lat' dir='ltr'>suaserunt,</span> <span class='ocrx_word' id='word_1_248' title='bbox 1769 3847 2159 3908; x_wconf 85' lang='lat' dir='ltr'>magnopere</span> <span class='ocrx_word' id='word_1_249' title='bbox 2204 3830 2411 3893; x_wconf 88' lang='lat' dir='ltr'>valuit</span> <span class='ocrx_word' id='word_1_250' title='bbox 2455 3833 2537 3893; x_wconf 90' lang='lat' dir='ltr'>ad</span> <span class='ocrx_word' id='word_1_251' title='bbox 2574 3823 3002 3896; x_wconf 86' lang='lat' dir='ltr'>mutationem</span> 
     </span>
     <span class='ocr_line' id='line_1_30' title="bbox 866 3931 1732 4017; baseline 0.006 -24"><span class='ocrx_word' id='word_1_252' title='bbox 866 3931 927 3992; x_wconf 82' lang='grc' dir='ltr'>τό</span> <span class='ocrx_word' id='word_1_253' title='bbox 958 3933 1029 3995; x_wconf 89' lang='lat' dir='ltr'>in</span> <span class='ocrx_word' id='word_1_254' title='bbox 1058 3945 1167 4003; x_wconf 78' lang='grc' dir='ltr'>τοῖς</span> <span class='ocrx_word' id='word_1_255' title='bbox 1201 3933 1294 4017; x_wconf 91' lang='grc'>(1)</span> <span class='ocrx_word' id='word_1_256' title='bbox 1330 3936 1732 3999; x_wconf 89' lang='lat' dir='ltr'>trahendam.</span> 
     </span>
    </p>

    <p class='ocr_par' dir='ltr' id='par_1_5' title="bbox 949 4041 3008 4127">
     <span class='ocr_line' id='line_1_31' title="bbox 949 4041 3008 4127; baseline 0.002 -25"><span class='ocrx_word' id='word_1_257' title='bbox 949 4041 1027 4103; x_wconf 91' lang='lat' dir='ltr'>In</span> <span class='ocrx_word' id='word_1_258' title='bbox 1057 4047 1187 4105; x_wconf 86' lang='lat' dir='ltr'>toto</span> <span class='ocrx_word' id='word_1_259' title='bbox 1207 4042 1275 4104; x_wconf 91' lang='lat' dir='ltr'>h.</span> <span class='ocrx_word' id='word_1_260' title='bbox 1300 4043 1372 4119; x_wconf 89' lang='lat' dir='ltr'>l.,</span> <span class='ocrx_word' id='word_1_261' title='bbox 1397 4044 1468 4105; x_wconf 90' lang='lat' dir='ltr'>in</span> <span class='ocrx_word' id='word_1_262' title='bbox 1494 4062 1624 4124; x_wconf 91' lang='lat' dir='ltr'>quo</span> <span class='ocrx_word' id='word_1_263' title='bbox 1652 4044 2123 4123; x_wconf 89' lang='lat' dir='ltr'>propositiones</span> <span class='ocrx_word' id='word_1_264' title='bbox 2150 4045 2278 4107; x_wconf 87' lang='lat' dir='ltr'>sibi</span> <span class='ocrx_word' id='word_1_265' title='bbox 2302 4047 2587 4109; x_wconf 88' lang='lat' dir='ltr'>invicem</span> <span class='ocrx_word' id='word_1_266' title='bbox 2613 4046 3008 4127; x_wconf 86' lang='lat' dir='ltr'>respondent</span> 
     </span>
    </p>
   </div>
   <div class='ocr_carea' id='block_1_5' title="bbox 890 4279 3003 4440">
    <p class='ocr_par' dir='ltr' id='par_1_6' title="bbox 890 4279 3003 4440">
     <span class='ocr_line' id='line_1_32' title="bbox 934 4279 3003 4354; baseline 0.003 -19"><span class='ocrx_word' id='word_1_267' title='bbox 934 4279 1000 4347; x_wconf 87' lang='lat'>(1)</span> <span class='ocrx_word' id='word_1_268' title='bbox 1041 4280 1298 4335; x_wconf 85' lang='lat' dir='ltr'>Fortasse</span> <span class='ocrx_word' id='word_1_269' title='bbox 1336 4285 1678 4347; x_wconf 86' lang='lat' dir='ltr'>praestiterit</span> <span class='ocrx_word' id='word_1_270' title='bbox 1724 4285 2018 4336; x_wconf 81' lang='lat' dir='ltr'>restituere</span> <span class='ocrx_word' id='word_1_271' title='bbox 2062 4288 2125 4338; x_wconf 85' lang='grc' dir='ltr'>τὰ</span> <span class='ocrx_word' id='word_1_272' title='bbox 2166 4289 2220 4339; x_wconf 78' lang='grc' dir='ltr'>δὲ</span> <span class='ocrx_word' id='word_1_273' title='bbox 2262 4291 2411 4340; x_wconf 82' lang='grc' dir='ltr'>λοῖπα</span> <span class='ocrx_word' id='word_1_274' title='bbox 2454 4288 2541 4353; x_wconf 87' lang='lat' dir='ltr'>(cf.</span> <span class='ocrx_word' id='word_1_275' title='bbox 2579 4288 2677 4354; x_wconf 79' lang='lat' dir='ltr'>XI,</span> <span class='ocrx_word' id='word_1_276' title='bbox 2729 4288 2821 4354; x_wconf 81' lang='lat'>34).</span> <span class='ocrx_word' id='word_1_277' title='bbox 2865 4289 3003 4341; x_wconf 77' lang='lat' dir='ltr'>Nam</span> 
     </span>
     <span class='ocr_line' id='line_1_33' title="bbox 890 4373 1981 4440; baseline 0.008 -24"><span class='ocrx_word' id='word_1_278' title='bbox 890 4383 1000 4417; x_wconf 82' lang='grc' dir='ltr'>α-..-.</span> <span class='ocrx_word' id='word_1_279' title='bbox 1051 4390 1104 4426; x_wconf 74' lang='grc' dir='ltr'>ον</span> <span class='ocrx_word' id='word_1_280' title='bbox 1130 4389 1192 4417; x_wconf 89' lang='lat'><em>=</em></span> <span class='ocrx_word' id='word_1_281' title='bbox 1215 4390 1311 4433; x_wconf 85' lang='grc' dir='ltr'>οις,</span> <span class='ocrx_word' id='word_1_282' title='bbox 1343 4391 1374 4423; x_wconf 90' lang='grc' dir='ltr'>οι</span> <span class='ocrx_word' id='word_1_283' title='bbox 1405 4391 1466 4417; x_wconf 67' lang='grc' dir='ltr'>ιτ·-</span> <span class='ocrx_word' id='word_1_284' title='bbox 1492 4391 1548 4424; x_wconf 78' lang='grc' dir='ltr'>εκ</span> <span class='ocrx_word' id='word_1_285' title='bbox 1582 4390 1642 4417; x_wconf 85' lang='lat'>=</span> <span class='ocrx_word' id='word_1_286' title='bbox 1667 4392 1755 4432; x_wconf 88' lang='grc' dir='ltr'>οις.</span> <span class='ocrx_word' id='word_1_287' title='bbox 1790 4373 1981 4440; x_wconf 86' lang='lat' dir='ltr'>(Bast.)</span> 
     </span>
    </p>
   </div>
   <div class='ocr_carea' id='block_1_6' title="bbox 3506 1638 3508 2531">
    <p class='ocr_par' dir='ltr' id='par_1_7' title="bbox 3506 1638 3508 2531">
     <span class='ocr_line' id='line_1_34' title="bbox 3506 1638 3508 2531; baseline 0 0"><span class='ocrx_word' id='word_1_288' title='bbox 3506 1638 3508 2531; x_wconf 95' lang='lat' dir='ltr'> </span> 
     </span>
    </p>
   </div>
   <div class='ocr_carea' id='block_1_7' title="bbox 3506 2862 3509 5515">
    <p class='ocr_par' dir='ltr' id='par_1_8' title="bbox 3506 2862 3509 5515">
     <span class='ocr_line' id='line_1_35' title="bbox 3506 2862 3509 5515; baseline 0 0"><span class='ocrx_word' id='word_1_289' title='bbox 3506 2862 3509 5515; x_wconf 95' lang='lat' dir='ltr'> </span> 
     </span>
    </p>
   </div>
  </div>
 </body>
</html>
