3559 5609
1443 879 1570 942 vll,
1613 880 1780 931 10-17.
2622 880 2680 931 63

546 995 813 1060 fortasse
840 994 1060 1057 liceret
1087 995 1156 1056 in
1202 993 1429 1076 ἀγάμοις
1476 997 1614 1058 sive
1647 995 1927 1059 coelibes
1971 1013 2121 1058 cum
2151 997 2328 1060 viros
2360 1002 2500 1057 tum
2537 1015 2680 1059 rnu-

544 1101 758 1177 lieres,
793 1103 929 1164 sive
962 1102 1132 1164 viros
1161 1120 1309 1164 cum
1344 1102 1621 1165 coelibes
1654 1108 1792 1164 tum
1825 1102 2080 1176 viduos,
2105 1102 2175 1162 in
2211 1100 2333 1165 hac
2364 1119 2516 1166 voce
2548 1121 2679 1166 non

542 1208 762 1270 videre
796 1226 1142 1288 possumus
1181 1235 1192 1270 :
1240 1210 1295 1271 1⁰
1326 1209 1607 1271 coelibes
1646 1209 1862 1282 viros;
1902 1208 1964 1268 2⁰
1995 1208 2269 1285 viduos;
2313 1210 2374 1271 3⁰
2402 1209 2681 1273 coelibes

548 1315 875 1378 mulieres.
903 1317 1374 1379 Verumtamen
1410 1315 1577 1376 mihi
1611 1332 1743 1378 non
1776 1314 2136 1393 persuadeo
2168 1315 2451 1378 Paulum
2488 1317 2679 1380 modo

546 1425 624 1487 de
652 1424 871 1486 viduis
903 1423 1294 1485 mulieribus
1313 1422 1618 1499 ‚locutum
1649 1421 1855 1482 fuisse
1884 1437 1958 1483 ac
1994 1438 2075 1483 ne
2107 1422 2374 1483 verbum
2410 1423 2677 1502 quidem

546 1532 624 1594 de
659 1532 876 1594 viduis
910 1531 1066 1592 viris
1098 1530 1361 1604 fecisse,
1397 1535 1509 1590 aut
1539 1528 1730 1590 modo
1761 1529 1841 1589 de
1879 1527 2037 1615 viris
2076 1528 2436 1591 coelibihus
2478 1530 2682 1593 fuisse

544 1638 834 1700 locutum
875 1655 948 1699 ac
987 1638 1066 1699 de
1109 1636 1408 1714 innuptis
1441 1641 1643 1696 aetate
1680 1634 1997 1714 provectis
2033 1635 2302 1698 verbum
2342 1654 2423 1700 ne
2452 1637 2681 1700 fecisse

545 1747 833 1826 quidem.
879 1745 1107 1806 Nodus
1131 1743 1480 1806 solvendus
1510 1748 1764 1804 tantum
1800 1742 2058 1804 duobus
2093 1744 2306 1808 modis
2340 1770 2353 1807 z

627 1854 684 1929 a)
726 1853 946 1914 Latius
978 1870 1087 1930 per
1121 1850 1347 1932 ἀγάμοις
1381 1850 1556 1912 vocis
1590 1851 1779 1933 χήραις
1811 1849 2201 1929 significatio
2238 1857 2472 1932 pateat,
2509 1860 2579 1915 ut
2607 1853 2678 1916 in

546 1959 679 2022 illis
712 1960 901 2043 χήραις
930 1976 1157 2021 omnes
1190 1958 1501 2020 mulieres
1535 1957 1812 2020 coelibes
1850 1958 1986 2020 sive
2018 1958 2246 2021 viduas
2275 1960 2412 2022 sive
2441 1960 2680 2041 innup-

550 2075 641 2129 tas
675 2067 977 2146 reperias.
1013 2067 1199 2141 Quod
1231 2083 1359 2128 non
1395 2072 1524 2126 tam
1557 2064 1861 2127 illicitum
1895 2066 2056 2127 foret
2084 2084 2284 2145 quam
2309 2064 2534 2147 ἀγάμοις
2570 2085 2682 2147 per

544 2175 731 2259 χήραις
761 2172 1292 2236 circumscribere
1328 2197 1339 2234 :
1381 2172 1474 2235 sic
1513 2179 1921 2235 evanesceret
1951 2172 2202 2234 iteratio
2238 2173 2337 2236 8-9
2373 2183 2433 2237 et
2473 2174 2675 2244 39-40.

545 2284 845 2344 Attamen
879 2281 991 2343 illa
1031 2280 1395 2360 explanatio
1439 2280 1727 2343 difficilis
1769 2280 2043 2341 videtur.
2096 2281 2265 2341 Nam
2305 2281 2681 2362 Hesychius

544 2390 825 2469 profecto
858 2389 1014 2450 dicit
1046 2405 1274 2450 omnes
1312 2387 1429 2466 qui
1475 2403 1741 2449 uxorem
1775 2404 1904 2449 non
1941 2385 2249 2449 haberent
2278 2393 2430 2470 χῆροι
2464 2389 2680 2468 appel-

544 2496 708 2559 latos
738 2496 976 2572 fuisse,
1010 2477 1265 2556 etiamsi
1308 2494 1493 2555 vidui
1539 2511 1669 2555 non
1707 2501 1942 2556 essent.
1992 2492 2120 2556 Sed
2160 2493 2471 2574 exemplis
2516 2513 2678 2559 non-

547 2604 748 2667 nullis
796 2621 959 2682 opus
1010 2608 1176 2665 esset
1225 2602 1315 2663 ad
1349 2601 1933 2663 demonstrandum
1980 2600 2265 2663 similem
2314 2601 2466 2663 fem.
2519 2606 2680 2685 χῆραι

546 2727 742 2775 usum
789 2709 1103 2785 valuisse,
1139 2716 1228 2786 et,
1271 2708 1594 2788 quidquid
1640 2714 1764 2782 est,
1812 2707 1935 2770 hoc
1975 2726 2108 2771 non
2153 2725 2332 2770 more
2377 2709 2445 2769 in
2483 2708 2567 2769 N.
2602 2708 2676 2773 T.

546 2826 871 2897 receptum
903 2824 1018 2892 est,
1056 2818 1125 2878 in
1163 2834 1292 2896 quo
1322 2816 1463 2899 χήρα
1493 2833 1747 2895 semper
1777 2814 2030 2877 viduam
2059 2816 2377 2893 designat.

629 2924 691 3005 b)
727 2925 1017 2986 Restitue
1042 2926 1213 3002 quod
1240 2923 1544 3002 proposui
1572 2931 1707 2990 τοῖς
1737 2923 1969 3012 χήροις.
2002 2923 2146 2997 Quo
2170 2922 2336 2984 facto
2361 2922 2552 2984 facile
2577 2924 2679 2985 in-

553 3030 754 3108 telligi
774 3037 987 3108 potest
1018 3030 1331 3106 Paulum,
1370 3048 1519 3092 cum
1570 3047 1706 3109 cap.
1760 3029 2192 3104 concluderet,
2231 3030 2584 3092 nonnullos
2616 3050 2673 3091 ν.

560 3137 769 3198 viduis
813 3137 1214 3217 impertitum
1258 3138 1480 3201 fuisse.
1518 3140 1611 3200 De
1648 3138 1893 3218 quibus
1927 3155 2044 3200 nec
2094 3138 2287 3201 unice
2341 3155 2460 3200 nec
2504 3155 2684 3202 seor-·

551 3263 698 3309 sum
738 3245 994 3306 locutus
1033 3252 1196 3320 erat,
1232 3248 1549 3325 quaedam
1595 3254 1812 3308 autem
1853 3247 1932 3308 ad
1972 3246 2204 3309 viduos
2244 3263 2456 3326 neque
2498 3263 2678 3326 spec-

548 3353 746 3413 tantia
782 3369 991 3431 neque
1022 3354 1385 3416 necessaria
1414 3355 1627 3417 dicere
1658 3354 1927 3417 volebat.

1103 3572 1228 3634 lIIo
1262 3605 1341 3618 -
1375 3572 1578 3635 10-17.
1616 3606 1693 3617 —-
1726 3573 1812 3633 De
1846 3571 2126 3658 divortio.

623 3790 964 3872 Asseverat
1016 3787 1204 3849 Godet
1255 3788 1612 3868 γεγαμηκόσιν
1670 3787 2062 3850 christianos
2119 3792 2231 3850 aut
2284 3784 2679 3853 christianas

544 3896 820 3973 conjuge
849 3895 949 3955 vel
981 3893 1338 3955 christiana
1370 3895 1464 3956 vol
1497 3895 1854 3957 christiano
1887 3901 2139 3956 utentes
2171 3894 2563 3973 significare.
2599 3900 2677 3959 In

545 4018 618 4063 eo
650 4001 885 4061 nititur
910 4001 1084 4078 quod
1125 4008 1566 4079 opponantur,
1600 4001 1714 4064 illo
1759 4007 2051 4076 auctore,
2088 4007 2196 4069 τοῖς
2229 4002 2588 4083 γεγαμηκόσιν
2619 4011 2680 4067 et

542 4118 651 4185 τοῖς
682 4110 905 4174 λοιποῖς.
942 4108 1019 4167 In
1051 4117 1160 4174 τοῖς
1192 4109 1395 4174 λοιποῖς
1424 4107 1695 4169 laterent
1728 4108 2041 4187 conjuges
2078 4111 2517 4174 matrimoniis
2551 4114 2677 4175 im-

546 4213 809 4291 paribus
854 4214 1024 4274 inter
1067 4211 1452 4276 christianos
1498 4220 1558 4276 et
1598 4214 2167 4278 non-christianos
2221 4223 2494 4281 utentes.
2539 4220 2680 4282 Hoc

545 4319 800 4382 defendi
833 4320 1015 4382 nnllo
1059 4320 1250 4383 modo
1294 4327 1520 4400 potest.
1556 4354 1631 4368 -
1667 4322 1756 4385 Ut
1790 4322 1979 4385 Godet
2004 4324 2142 4402 ipse
2172 4325 2484 4404 declarat,
2514 4353 2678 4411 γεγα-

547 4449 676 4498 unx.
714 4427 928 4491 verbis
963 4425 1135 4508 ἀγαμ.
1166 4453 1221 4490 κ.
1253 4427 1378 4510 χήρ.
1416 4430 1784 4509 opponitur.
1820 4431 2045 4512 Itaque
2072 4433 2370 4515 designat
2407 4435 2531 4500 hoc
2563 4453 2680 4499 vo·-
