<?xml version="1.0" encoding="UTF-8"?>
<!DOCTYPE html PUBLIC "-//W3C//DTD XHTML 1.0 Transitional//EN"
    "http://www.w3.org/TR/xhtml1/DTD/xhtml1-transitional.dtd">
<html xmlns="http://www.w3.org/1999/xhtml" xml:lang="en" lang="en">
 <head>
  <title>
</title>
<meta http-equiv="Content-Type" content="text/html;charset=utf-8" />
  <meta name='ocr-system' content='tesseract 3.04.00' />
  <meta name='ocr-capabilities' content='ocr_page ocr_carea ocr_par ocr_line ocrx_word'/>
</head>
<body>
  <div class='ocr_page' id='page_1' title='image "./depriorepauliad00boisgoog_0122.png"; bbox 0 0 3559 5609; ppageno 0'>
   <div class='ocr_carea' id='block_1_1' title="bbox 854 793 2079 854">
    <p class='ocr_par' dir='ltr' id='par_1_1' title="bbox 854 793 2079 854">
     <span class='ocr_line' id='line_1_1' title="bbox 854 793 2079 854; baseline 0.002 -12"><span class='ocrx_word' id='word_1_1' title='bbox 854 793 944 843; x_wconf 89' lang='lat'>110</span> <span class='ocrx_word' id='word_1_2' title='bbox 1768 793 1843 843; x_wconf 86' lang='lat' dir='ltr'>XI</span> <span class='ocrx_word' id='word_1_3' title='bbox 1859 831 1872 854; x_wconf 92' lang='lat'>‚</span> <span class='ocrx_word' id='word_1_4' title='bbox 1911 794 2079 844; x_wconf 79' lang='lat'>16-34.</span> 
     </span>
    </p>
   </div>
   <div class='ocr_carea' id='block_1_2' title="bbox 837 907 2987 2812">
    <p class='ocr_par' dir='ltr' id='par_1_2' title="bbox 847 907 2979 1097">
     <span class='ocr_line' id='line_1_2' title="bbox 847 907 2979 995; baseline 0.001 -25"><span class='ocrx_word' id='word_1_5' title='bbox 847 907 1135 993; x_wconf 73' lang='grc' dir='ltr'>φιλόνεικος</span> <span class='ocrx_word' id='word_1_6' title='bbox 1162 909 1426 984; x_wconf 84' lang='lat' dir='ltr'>attinet,</span> <span class='ocrx_word' id='word_1_7' title='bbox 1461 908 1694 971; x_wconf 86' lang='lat' dir='ltr'>melius</span> <span class='ocrx_word' id='word_1_8' title='bbox 1723 910 1885 973; x_wconf 90' lang='lat' dir='ltr'>foret</span> <span class='ocrx_word' id='word_1_9' title='bbox 1916 910 2129 988; x_wconf 83' lang='lat' dir='ltr'>legere</span> <span class='ocrx_word' id='word_1_10' title='bbox 2156 909 2418 995; x_wconf 84' lang='grc' dir='ltr'>φιλόνικος</span> <span class='ocrx_word' id='word_1_11' title='bbox 2451 910 2544 992; x_wconf 88' lang='grc'>(1)</span> <span class='ocrx_word' id='word_1_12' title='bbox 2571 911 2742 991; x_wconf 89' lang='lat' dir='ltr'>quod</span> <span class='ocrx_word' id='word_1_13' title='bbox 2777 912 2979 990; x_wconf 84' lang='lat' dir='ltr'>signi-</span> 
     </span>
     <span class='ocr_line' id='line_1_3' title="bbox 848 1016 2874 1097; baseline 0.003 -19"><span class='ocrx_word' id='word_1_14' title='bbox 848 1016 996 1079; x_wconf 88' lang='lat' dir='ltr'>ficat</span> <span class='ocrx_word' id='word_1_15' title='bbox 1030 1041 1042 1077; x_wconf 90' lang='lat'>:</span> <span class='ocrx_word' id='word_1_16' title='bbox 1078 1016 1309 1079; x_wconf 76' lang='lat' dir='ltr'>fiberh.</span> <span class='ocrx_word' id='word_1_17' title='bbox 1348 1017 1515 1078; x_wconf 91' lang='lat' dir='ltr'>nach</span> <span class='ocrx_word' id='word_1_18' title='bbox 1546 1017 1693 1078; x_wconf 89' lang='lat' dir='ltr'>dem</span> <span class='ocrx_word' id='word_1_19' title='bbox 1727 1017 2058 1097; x_wconf 81' lang='lat' dir='ltr'>Vorrange</span> <span class='ocrx_word' id='word_1_20' title='bbox 2087 1017 2192 1083; x_wconf 90' lang='lat' dir='ltr'>od.</span> <span class='ocrx_word' id='word_1_21' title='bbox 2230 1020 2522 1097; x_wconf 89' lang='lat' dir='ltr'>Vorzuge</span> <span class='ocrx_word' id='word_1_22' title='bbox 2552 1019 2874 1084; x_wconf 88' lang='lat' dir='ltr'>strebend.</span> 
     </span>
    </p>

    <p class='ocr_par' dir='ltr' id='par_1_3' title="bbox 841 1119 2987 2051">
     <span class='ocr_line' id='line_1_4' title="bbox 931 1119 2985 1206; baseline 0.003 -22"><span class='ocrx_word' id='word_1_23' title='bbox 931 1124 1257 1185; x_wconf 84' lang='lat' dir='ltr'>Adversus</span> <span class='ocrx_word' id='word_1_24' title='bbox 1321 1122 1511 1186; x_wconf 79' lang='lat' dir='ltr'>Godet</span> <span class='ocrx_word' id='word_1_25' title='bbox 1554 1124 1854 1187; x_wconf 84' lang='lat' dir='ltr'>existimo</span> <span class='ocrx_word' id='word_1_26' title='bbox 1923 1144 2073 1187; x_wconf 89' lang='lat' dir='ltr'>cum</span> <span class='ocrx_word' id='word_1_27' title='bbox 2134 1127 2344 1206; x_wconf 83' lang='lat' dir='ltr'><strong><em>Meyer</em></strong></span> <span class='ocrx_word' id='word_1_28' title='bbox 2367 1172 2383 1202; x_wconf 92' lang='lat'>‚</span> <span class='ocrx_word' id='word_1_29' title='bbox 2444 1126 2504 1187; x_wconf 81' lang='grc' dir='ltr'>τὸ</span> <span class='ocrx_word' id='word_1_30' title='bbox 2563 1119 2652 1186; x_wconf 73' lang='grc' dir='ltr'>οῧν</span> <span class='ocrx_word' id='word_1_31' title='bbox 2716 1129 2985 1191; x_wconf 90' lang='lat' dir='ltr'>omnino</span> 
     </span>
     <span class='ocr_line' id='line_1_5' title="bbox 850 1230 2984 1314; baseline 0.002 -23"><span class='ocrx_word' id='word_1_32' title='bbox 850 1230 1191 1311; x_wconf 87' lang='lat' dir='ltr'>prohibere</span> <span class='ocrx_word' id='word_1_33' title='bbox 1245 1248 1324 1291; x_wconf 90' lang='lat' dir='ltr'>ne</span> <span class='ocrx_word' id='word_1_34' title='bbox 1375 1231 1694 1310; x_wconf 80' lang='lat' dir='ltr'><strong>posterius</strong></span> <span class='ocrx_word' id='word_1_35' title='bbox 1747 1232 2140 1314; x_wconf 83' lang='grc' dir='ltr'>συνερχομένων</span> <span class='ocrx_word' id='word_1_36' title='bbox 2201 1232 2379 1294; x_wconf 91' lang='lat' dir='ltr'>aliud</span> <span class='ocrx_word' id='word_1_37' title='bbox 2436 1235 2519 1294; x_wconf 85' lang='lat' dir='ltr'>sit</span> <span class='ocrx_word' id='word_1_38' title='bbox 2569 1251 2766 1312; x_wconf 87' lang='lat' dir='ltr'>quam</span> <span class='ocrx_word' id='word_1_39' title='bbox 2820 1250 2984 1295; x_wconf 88' lang='lat' dir='ltr'>nova</span> 
     </span>
     <span class='ocr_line' id='line_1_6' title="bbox 847 1337 2985 1422; baseline 0.002 -25"><span class='ocrx_word' id='word_1_40' title='bbox 847 1338 1083 1416; x_wconf 85' lang='lat' dir='ltr'>prioris</span> <span class='ocrx_word' id='word_1_41' title='bbox 1116 1337 1368 1399; x_wconf 78' lang='lat' dir='ltr'>iteratio</span> <span class='ocrx_word' id='word_1_42' title='bbox 1391 1346 1530 1415; x_wconf 91' lang='lat' dir='ltr'>post</span> <span class='ocrx_word' id='word_1_43' title='bbox 1561 1338 1979 1416; x_wconf 75' lang='lat' dir='ltr'>parenthesin</span> <span class='ocrx_word' id='word_1_44' title='bbox 2016 1358 2073 1400; x_wconf 90' lang='lat' dir='ltr'>v.</span> <span class='ocrx_word' id='word_1_45' title='bbox 2123 1340 2191 1400; x_wconf 85' lang='lat'>19</span> <span class='ocrx_word' id='word_1_46' title='bbox 2229 1338 2342 1420; x_wconf 76' lang='lat'>(2).</span> <span class='ocrx_word' id='word_1_47' title='bbox 2378 1347 2601 1422; x_wconf 84' lang='grc' dir='ltr'>Πρῶτον</span> <span class='ocrx_word' id='word_1_48' title='bbox 2631 1348 2847 1402; x_wconf 90' lang='lat' dir='ltr'>autem</span> <span class='ocrx_word' id='word_1_49' title='bbox 2880 1359 2985 1402; x_wconf 82' lang='lat' dir='ltr'>ex-</span> 
     </span>
     <span class='ocr_line' id='line_1_7' title="bbox 845 1443 2987 1525; baseline 0.001 -21"><span class='ocrx_word' id='word_1_50' title='bbox 845 1443 1067 1522; x_wconf 87' lang='lat' dir='ltr'>plicari</span> <span class='ocrx_word' id='word_1_51' title='bbox 1116 1444 1207 1504; x_wconf 87' lang='lat' dir='ltr'>ita</span> <span class='ocrx_word' id='word_1_52' title='bbox 1256 1451 1497 1523; x_wconf 89' lang='lat' dir='ltr'>potest,</span> <span class='ocrx_word' id='word_1_53' title='bbox 1556 1453 1625 1504; x_wconf 93' lang='lat' dir='ltr'>ut</span> <span class='ocrx_word' id='word_1_54' title='bbox 1683 1445 1937 1505; x_wconf 89' lang='lat' dir='ltr'>nemini</span> <span class='ocrx_word' id='word_1_55' title='bbox 1986 1463 2144 1525; x_wconf 88' lang='lat' dir='ltr'>opus</span> <span class='ocrx_word' id='word_1_56' title='bbox 2194 1447 2274 1506; x_wconf 88' lang='lat' dir='ltr'>sit</span> <span class='ocrx_word' id='word_1_57' title='bbox 2329 1446 2652 1525; x_wconf 87' lang='lat' dir='ltr'>quoddam</span> <span class='ocrx_word' id='word_1_58' title='bbox 2703 1447 2881 1507; x_wconf 83' lang='grc' dir='ltr'>ἔπειτα</span> <span class='ocrx_word' id='word_1_59' title='bbox 2928 1446 2987 1508; x_wconf 77' lang='grc' dir='ltr'>δέ</span> 
     </span>
     <span class='ocr_line' id='line_1_8' title="bbox 845 1552 2982 1631; baseline 0.001 -18"><span class='ocrx_word' id='word_1_60' title='bbox 845 1569 1157 1630; x_wconf 83' lang='lat' dir='ltr'>quaerere</span> <span class='ocrx_word' id='word_1_61' title='bbox 1196 1558 1307 1612; x_wconf 88' lang='lat' dir='ltr'>aut</span> <span class='ocrx_word' id='word_1_62' title='bbox 1350 1552 1598 1628; x_wconf 87' lang='lat' dir='ltr'>fingere</span> <span class='ocrx_word' id='word_1_63' title='bbox 1632 1552 1991 1631; x_wconf 85' lang='lat' dir='ltr'>apostolum</span> <span class='ocrx_word' id='word_1_64' title='bbox 2040 1554 2395 1614; x_wconf 89' lang='lat' dir='ltr'>sententiae</span> <span class='ocrx_word' id='word_1_65' title='bbox 2433 1572 2585 1617; x_wconf 88' lang='lat' dir='ltr'>suae</span> <span class='ocrx_word' id='word_1_66' title='bbox 2630 1555 2830 1616; x_wconf 88' lang='lat' dir='ltr'>fuisse</span> <span class='ocrx_word' id='word_1_67' title='bbox 2856 1556 2982 1616; x_wconf 91' lang='lat' dir='ltr'>im-</span> 
     </span>
     <span class='ocr_line' id='line_1_9' title="bbox 844 1657 2979 1737; baseline 0.001 -18"><span class='ocrx_word' id='word_1_68' title='bbox 844 1676 1223 1722; x_wconf 83' lang='lat' dir='ltr'>memorem.</span> <span class='ocrx_word' id='word_1_69' title='bbox 1263 1657 1600 1720; x_wconf 86' lang='lat' dir='ltr'>Suffecerit</span> <span class='ocrx_word' id='word_1_70' title='bbox 1639 1658 1795 1719; x_wconf 90' lang='lat' dir='ltr'>huic</span> <span class='ocrx_word' id='word_1_71' title='bbox 1837 1658 2146 1721; x_wconf 84' lang='lat' dir='ltr'>vocabulo</span> <span class='ocrx_word' id='word_1_72' title='bbox 2182 1660 2721 1737; x_wconf 83' lang='lat' dir='ltr'>significationem</span> <span class='ocrx_word' id='word_1_73' title='bbox 2758 1680 2795 1722; x_wconf 91' lang='lat' dir='ltr'>a</span> <span class='ocrx_word' id='word_1_74' title='bbox 2827 1663 2979 1723; x_wconf 78' lang='lat' dir='ltr'>Pas-</span> 
     </span>
     <span class='ocr_line' id='line_1_10' title="bbox 841 1764 2978 1849; baseline 0 -21"><span class='ocrx_word' id='word_1_75' title='bbox 841 1783 972 1828; x_wconf 79' lang='lat' dir='ltr'>sow</span> <span class='ocrx_word' id='word_1_76' title='bbox 1017 1765 1365 1827; x_wconf 89' lang='lat' dir='ltr'>indicatam</span> <span class='ocrx_word' id='word_1_77' title='bbox 1411 1765 1562 1825; x_wconf 89' lang='lat' dir='ltr'>dare</span> <span class='ocrx_word' id='word_1_78' title='bbox 1595 1785 1609 1826; x_wconf 73' lang='grc' dir='ltr'><strong><em>ε</em></strong></span> <span class='ocrx_word' id='word_1_79' title='bbox 1641 1782 1827 1827; x_wconf 78' lang='lat' dir='ltr'>wenn</span> <span class='ocrx_word' id='word_1_80' title='bbox 1858 1773 1987 1827; x_wconf 79' lang='lat' dir='ltr'>erst</span> <span class='ocrx_word' id='word_1_81' title='bbox 2007 1813 2021 1840; x_wconf 93' lang='lat'><strong>,</strong></span> <span class='ocrx_word' id='word_1_82' title='bbox 2065 1764 2279 1827; x_wconf 80' lang='lat' dir='ltr'>sobald</span> <span class='ocrx_word' id='word_1_83' title='bbox 2306 1775 2467 1843; x_wconf 80' lang='lat' dir='ltr'>erst3</span> <span class='ocrx_word' id='word_1_84' title='bbox 2501 1785 2641 1828; x_wconf 86' lang='lat' dir='ltr'>cum</span> <span class='ocrx_word' id='word_1_85' title='bbox 2669 1767 2978 1849; x_wconf 78' lang='lat' dir='ltr'>primum,</span> 
     </span>
     <span class='ocr_line' id='line_1_11' title="bbox 841 1871 2978 1953; baseline 0 -19"><span class='ocrx_word' id='word_1_86' title='bbox 841 1873 1261 1952; x_wconf 80' lang='lat' dir='ltr'>ubiprimum.</span> <span class='ocrx_word' id='word_1_87' title='bbox 1293 1871 1631 1950; x_wconf 85' lang='lat' dir='ltr'>Significat</span> <span class='ocrx_word' id='word_1_88' title='bbox 1665 1880 1799 1933; x_wconf 86' lang='lat' dir='ltr'>tum</span> <span class='ocrx_word' id='word_1_89' title='bbox 1838 1892 1901 1934; x_wconf 79' lang='lat' dir='ltr'>v,</span> <span class='ocrx_word' id='word_1_90' title='bbox 1941 1873 2013 1933; x_wconf 86' lang='lat'>18</span> <span class='ocrx_word' id='word_1_91' title='bbox 2050 1891 2063 1934; x_wconf 76' lang='grc' dir='ltr'>ε</span> <span class='ocrx_word' id='word_1_92' title='bbox 2103 1873 2271 1933; x_wconf 88' lang='lat' dir='ltr'>Nam</span> <span class='ocrx_word' id='word_1_93' title='bbox 2310 1872 2418 1934; x_wconf 88' lang='lat' dir='ltr'>ubi</span> <span class='ocrx_word' id='word_1_94' title='bbox 2448 1875 2732 1953; x_wconf 89' lang='lat' dir='ltr'>primum</span> <span class='ocrx_word' id='word_1_95' title='bbox 2765 1875 2836 1935; x_wconf 89' lang='lat' dir='ltr'>in</span> <span class='ocrx_word' id='word_1_96' title='bbox 2872 1891 2978 1935; x_wconf 91' lang='lat' dir='ltr'>ec-</span> 
     </span>
     <span class='ocr_line' id='line_1_12' title="bbox 841 1979 2485 2051; baseline 0.001 -9"><span class='ocrx_word' id='word_1_97' title='bbox 841 1981 1103 2042; x_wconf 89' lang='lat' dir='ltr'>clesiam</span> <span class='ocrx_word' id='word_1_98' title='bbox 1137 1979 1599 2051; x_wconf 83' lang='lat' dir='ltr'>convenitiS...‚</span> <span class='ocrx_word' id='word_1_99' title='bbox 1630 1979 1942 2041; x_wconf 86' lang='lat' dir='ltr'>factiones</span> <span class='ocrx_word' id='word_1_100' title='bbox 1973 1989 2124 2041; x_wconf 88' lang='lat' dir='ltr'>sunt</span> <span class='ocrx_word' id='word_1_101' title='bbox 2151 1981 2321 2041; x_wconf 91' lang='lat' dir='ltr'>inter</span> <span class='ocrx_word' id='word_1_102' title='bbox 2354 1998 2485 2045; x_wconf 80' lang='lat' dir='ltr'>vos,</span> 
     </span>
    </p>

    <p class='ocr_par' dir='ltr' id='par_1_4' title="bbox 837 2086 2974 2812">
     <span class='ocr_line' id='line_1_13' title="bbox 923 2086 2971 2168; baseline 0 -18"><span class='ocrx_word' id='word_1_103' title='bbox 923 2087 1112 2150; x_wconf 79' lang='lat' dir='ltr'>Godet</span> <span class='ocrx_word' id='word_1_104' title='bbox 1155 2095 1331 2167; x_wconf 87' lang='lat' dir='ltr'>putat</span> <span class='ocrx_word' id='word_1_105' title='bbox 1373 2086 1439 2147; x_wconf 80' lang='grc' dir='ltr'>τὰ</span> <span class='ocrx_word' id='word_1_106' title='bbox 1493 2086 1768 2168; x_wconf 80' lang='grc' dir='ltr'>σχίσματα</span> <span class='ocrx_word' id='word_1_107' title='bbox 1814 2088 1894 2148; x_wconf 86' lang='lat' dir='ltr'>ad</span> <span class='ocrx_word' id='word_1_108' title='bbox 1943 2087 2315 2149; x_wconf 89' lang='lat' dir='ltr'>Corinthias</span> <span class='ocrx_word' id='word_1_109' title='bbox 2379 2096 2579 2150; x_wconf 82' lang='lat' dir='ltr'>sectas</span> <span class='ocrx_word' id='word_1_110' title='bbox 2625 2091 2971 2167; x_wconf 86' lang='lat' dir='ltr'>pertinere.</span> 
     </span>
     <span class='ocr_line' id='line_1_14' title="bbox 839 2195 2972 2276; baseline -0 -18"><span class='ocrx_word' id='word_1_111' title='bbox 839 2197 1024 2273; x_wconf 84' lang='lat' dir='ltr'>Quod</span> <span class='ocrx_word' id='word_1_112' title='bbox 1049 2196 1308 2259; x_wconf 85' lang='lat' dir='ltr'>defendi</span> <span class='ocrx_word' id='word_1_113' title='bbox 1339 2196 1587 2275; x_wconf 89' lang='lat' dir='ltr'>nequit.</span> <span class='ocrx_word' id='word_1_114' title='bbox 1627 2196 1923 2257; x_wconf 88' lang='lat' dir='ltr'>Primum</span> <span class='ocrx_word' id='word_1_115' title='bbox 1961 2214 2033 2256; x_wconf 89' lang='lat' dir='ltr'>ex</span> <span class='ocrx_word' id='word_1_116' title='bbox 2067 2195 2199 2256; x_wconf 85' lang='lat' dir='ltr'>illis</span> <span class='ocrx_word' id='word_1_117' title='bbox 2238 2214 2403 2275; x_wconf 87' lang='lat' dir='ltr'>quae</span> <span class='ocrx_word' id='word_1_118' title='bbox 2435 2212 2627 2276; x_wconf 90' lang='lat' dir='ltr'>supra</span> <span class='ocrx_word' id='word_1_119' title='bbox 2659 2196 2828 2272; x_wconf 86' lang='lat' dir='ltr'>dixi,</span> <span class='ocrx_word' id='word_1_120' title='bbox 2864 2215 2972 2276; x_wconf 89' lang='lat' dir='ltr'>ap-</span> 
     </span>
     <span class='ocr_line' id='line_1_15' title="bbox 840 2301 2974 2386; baseline -0.002 -19"><span class='ocrx_word' id='word_1_121' title='bbox 840 2314 1017 2386; x_wconf 90' lang='lat' dir='ltr'>paret</span> <span class='ocrx_word' id='word_1_122' title='bbox 1049 2321 1271 2366; x_wconf 87' lang='lat' dir='ltr'>versus</span> <span class='ocrx_word' id='word_1_123' title='bbox 1317 2302 1505 2363; x_wconf 82' lang='lat'>18-19</span> <span class='ocrx_word' id='word_1_124' title='bbox 1537 2301 1616 2364; x_wconf 93' lang='lat' dir='ltr'>ad</span> <span class='ocrx_word' id='word_1_125' title='bbox 1661 2320 1801 2363; x_wconf 90' lang='lat' dir='ltr'>eam</span> <span class='ocrx_word' id='word_1_126' title='bbox 1846 2320 1984 2364; x_wconf 89' lang='lat' dir='ltr'>rem</span> <span class='ocrx_word' id='word_1_127' title='bbox 2025 2302 2235 2363; x_wconf 90' lang='lat' dir='ltr'>solum</span> <span class='ocrx_word' id='word_1_128' title='bbox 2272 2305 2593 2383; x_wconf 91' lang='lat' dir='ltr'>pertinere</span> <span class='ocrx_word' id='word_1_129' title='bbox 2636 2302 2714 2364; x_wconf 91' lang='lat' dir='ltr'>de</span> <span class='ocrx_word' id='word_1_130' title='bbox 2745 2320 2873 2381; x_wconf 89' lang='lat' dir='ltr'>qua</span> <span class='ocrx_word' id='word_1_131' title='bbox 2905 2303 2974 2363; x_wconf 89' lang='lat' dir='ltr'>in</span> 
     </span>
     <span class='ocr_line' id='line_1_16' title="bbox 839 2409 2973 2492; baseline -0.001 -19"><span class='ocrx_word' id='word_1_132' title='bbox 839 2433 897 2473; x_wconf 86' lang='lat' dir='ltr'>v.</span> <span class='ocrx_word' id='word_1_133' title='bbox 967 2412 1041 2473; x_wconf 75' lang='lat'>20</span> <span class='ocrx_word' id='word_1_134' title='bbox 1097 2431 1191 2492; x_wconf 89' lang='lat' dir='ltr'>sq.</span> <span class='ocrx_word' id='word_1_135' title='bbox 1261 2411 1494 2489; x_wconf 86' lang='lat' dir='ltr'>agitur.</span> <span class='ocrx_word' id='word_1_136' title='bbox 1558 2411 1897 2471; x_wconf 81' lang='lat' dir='ltr'>Praeterea</span> <span class='ocrx_word' id='word_1_137' title='bbox 1952 2409 2020 2469; x_wconf 77' lang='grc' dir='ltr'>τὰ</span> <span class='ocrx_word' id='word_1_138' title='bbox 2078 2410 2353 2491; x_wconf 65' lang='grc' dir='ltr'>σχίσματα</span> <span class='ocrx_word' id='word_1_139' title='bbox 2384 2460 2397 2485; x_wconf 83' lang='lat'>,</span> <span class='ocrx_word' id='word_1_140' title='bbox 2466 2410 2543 2471; x_wconf 93' lang='lat' dir='ltr'>de</span> <span class='ocrx_word' id='word_1_141' title='bbox 2601 2410 2836 2488; x_wconf 82' lang='lat' dir='ltr'>quibus</span> <span class='ocrx_word' id='word_1_142' title='bbox 2903 2410 2973 2471; x_wconf 89' lang='lat' dir='ltr'>in</span> 
     </span>
     <span class='ocr_line' id='line_1_17' title="bbox 839 2516 2970 2596; baseline -0.002 -14"><span class='ocrx_word' id='word_1_143' title='bbox 839 2540 898 2582; x_wconf 90' lang='lat' dir='ltr'>v.</span> <span class='ocrx_word' id='word_1_144' title='bbox 964 2521 1039 2582; x_wconf 83' lang='lat'>18</span> <span class='ocrx_word' id='word_1_145' title='bbox 1087 2520 1337 2596; x_wconf 85' lang='lat' dir='ltr'>agitur,</span> <span class='ocrx_word' id='word_1_146' title='bbox 1394 2526 1531 2578; x_wconf 88' lang='lat' dir='ltr'>tum</span> <span class='ocrx_word' id='word_1_147' title='bbox 1578 2517 1842 2577; x_wconf 87' lang='lat' dir='ltr'>demum</span> <span class='ocrx_word' id='word_1_148' title='bbox 1893 2517 2093 2593; x_wconf 86' lang='lat' dir='ltr'>fiunt,</span> <span class='ocrx_word' id='word_1_149' title='bbox 2136 2535 2275 2579; x_wconf 84' lang='lat' dir='ltr'>cum</span> <span class='ocrx_word' id='word_1_150' title='bbox 2316 2518 2390 2578; x_wconf 92' lang='lat' dir='ltr'>in</span> <span class='ocrx_word' id='word_1_151' title='bbox 2436 2516 2781 2589; x_wconf 80' lang='lat' dir='ltr'>ecclesiam,</span> <span class='ocrx_word' id='word_1_152' title='bbox 2833 2517 2970 2579; x_wconf 88' lang='lat' dir='ltr'>scil.</span> 
     </span>
     <span class='ocr_line' id='line_1_18' title="bbox 837 2622 2974 2715; baseline 0 -30"><span class='ocrx_word' id='word_1_153' title='bbox 837 2626 909 2685; x_wconf 89' lang='lat' dir='ltr'>in</span> <span class='ocrx_word' id='word_1_154' title='bbox 942 2632 1301 2687; x_wconf 90' lang='lat' dir='ltr'>conventus</span> <span class='ocrx_word' id='word_1_155' title='bbox 1347 2623 1671 2685; x_wconf 88' lang='lat' dir='ltr'>Corinthii</span> <span class='ocrx_word' id='word_1_156' title='bbox 1703 2622 2050 2683; x_wconf 82' lang='lat' dir='ltr'>christiani</span> <span class='ocrx_word' id='word_1_157' title='bbox 2094 2624 2389 2685; x_wconf 85' lang='lat' dir='ltr'>veniunt.</span> <span class='ocrx_word' id='word_1_158' title='bbox 2422 2624 2581 2686; x_wconf 87' lang='lat' dir='ltr'>Illae</span> <span class='ocrx_word' id='word_1_159' title='bbox 2614 2632 2819 2715; x_wconf 79' lang='lat' dir='ltr'>sectae</span> <span class='ocrx_word' id='word_1_160' title='bbox 2851 2625 2974 2702; x_wconf 85' lang='lat' dir='ltr'>igi-</span> 
     </span>
     <span class='ocr_line' id='line_1_19' title="bbox 838 2726 2968 2812; baseline -0 -17"><span class='ocrx_word' id='word_1_161' title='bbox 838 2741 942 2795; x_wconf 89' lang='lat' dir='ltr'>tur</span> <span class='ocrx_word' id='word_1_162' title='bbox 977 2750 1108 2797; x_wconf 91' lang='lat' dir='ltr'>non</span> <span class='ocrx_word' id='word_1_163' title='bbox 1141 2749 1394 2811; x_wconf 87' lang='lat' dir='ltr'>semper</span> <span class='ocrx_word' id='word_1_164' title='bbox 1427 2726 1832 2812; x_wconf 75' lang='lat' dir='ltr'>permanent.</span> <span class='ocrx_word' id='word_1_165' title='bbox 1873 2730 2059 2793; x_wconf 91' lang='lat' dir='ltr'>Ultro</span> <span class='ocrx_word' id='word_1_166' title='bbox 2093 2731 2282 2793; x_wconf 89' lang='lat' dir='ltr'>etiam</span> <span class='ocrx_word' id='word_1_167' title='bbox 2316 2732 2464 2811; x_wconf 89' lang='lat' dir='ltr'>quis</span> <span class='ocrx_word' id='word_1_168' title='bbox 2499 2732 2714 2793; x_wconf 89' lang='lat' dir='ltr'>credat</span> <span class='ocrx_word' id='word_1_169' title='bbox 2744 2732 2968 2807; x_wconf 88' lang='lat' dir='ltr'>Paulo,</span> 
     </span>
    </p>
   </div>
   <div class='ocr_carea' id='block_1_3' title="bbox 822 3026 2972 4438">
    <p class='ocr_par' dir='ltr' id='par_1_5' title="bbox 829 3026 2972 3272">
     <span class='ocr_line' id='line_1_20' title="bbox 831 3026 2972 3092; baseline -0.003 -10"><span class='ocrx_word' id='word_1_170' title='bbox 831 3045 973 3082; x_wconf 86' lang='lat' dir='ltr'>vous</span> <span class='ocrx_word' id='word_1_171' title='bbox 1004 3030 1218 3079; x_wconf 86' lang='lat' dir='ltr'>donner</span> <span class='ocrx_word' id='word_1_172' title='bbox 1246 3028 1316 3092; x_wconf 89' lang='lat' dir='ltr'>(v.</span> <span class='ocrx_word' id='word_1_173' title='bbox 1354 3028 1509 3092; x_wconf 89' lang='lat'><strong>1-16),</strong></span> <span class='ocrx_word' id='word_1_174' title='bbox 1538 3030 1593 3091; x_wconf 92' lang='lat' dir='ltr'>je</span> <span class='ocrx_word' id='word_1_175' title='bbox 1622 3042 1692 3077; x_wconf 92' lang='lat' dir='ltr'>ne</span> <span class='ocrx_word' id='word_1_176' title='bbox 1723 3029 1937 3077; x_wconf 81' lang='lat' dir='ltr'>saurais</span> <span class='ocrx_word' id='word_1_177' title='bbox 1977 3042 2120 3078; x_wconf 89' lang='lat' dir='ltr'>vous</span> <span class='ocrx_word' id='word_1_178' title='bbox 2149 3027 2309 3077; x_wconf 90' lang='lat' dir='ltr'>louer</span> <span class='ocrx_word' id='word_1_179' title='bbox 2340 3032 2512 3090; x_wconf 88' lang='lat' dir='ltr'>quant</span> <span class='ocrx_word' id='word_1_180' title='bbox 2551 3041 2623 3076; x_wconf 87' lang='lat' dir='ltr'>au</span> <span class='ocrx_word' id='word_1_181' title='bbox 2656 3028 2801 3089; x_wconf 89' lang='lat' dir='ltr'>sujet</span> <span class='ocrx_word' id='word_1_182' title='bbox 2835 3026 2972 3076; x_wconf 91' lang='lat' dir='ltr'>dont</span> 
     </span>
     <span class='ocr_line' id='line_1_21' title="bbox 829 3117 2970 3185; baseline -0.003 -14"><span class='ocrx_word' id='word_1_183' title='bbox 829 3125 884 3185; x_wconf 88' lang='lat' dir='ltr'>je</span> <span class='ocrx_word' id='word_1_184' title='bbox 912 3121 1032 3171; x_wconf 84' lang='lat' dir='ltr'>vais</span> <span class='ocrx_word' id='word_1_185' title='bbox 1071 3134 1210 3170; x_wconf 87' lang='lat' dir='ltr'>vous</span> <span class='ocrx_word' id='word_1_186' title='bbox 1255 3120 1454 3181; x_wconf 88' lang='lat' dir='ltr'>parler.</span> <span class='ocrx_word' id='word_1_187' title='bbox 1499 3135 1523 3164; x_wconf 93' lang='lat'>»</span> <span class='ocrx_word' id='word_1_188' title='bbox 1569 3119 1712 3167; x_wconf 85' lang='lat' dir='ltr'>Pace</span> <span class='ocrx_word' id='word_1_189' title='bbox 1743 3122 1913 3167; x_wconf 81' lang='lat' dir='ltr'>Godet</span> <span class='ocrx_word' id='word_1_190' title='bbox 1953 3123 2119 3181; x_wconf 89' lang='lat' dir='ltr'>atque</span> <span class='ocrx_word' id='word_1_191' title='bbox 2165 3123 2341 3167; x_wconf 85' lang='lat' dir='ltr'>Reuss</span> <span class='ocrx_word' id='word_1_192' title='bbox 2372 3117 2589 3166; x_wconf 87' lang='lat' dir='ltr'>dicam:</span> <span class='ocrx_word' id='word_1_193' title='bbox 2624 3122 2773 3166; x_wconf 88' lang='lat' dir='ltr'>caret</span> <span class='ocrx_word' id='word_1_194' title='bbox 2802 3129 2970 3166; x_wconf 88' lang='lat' dir='ltr'>sensu</span> 
     </span>
     <span class='ocr_line' id='line_1_22' title="bbox 831 3211 1402 3272; baseline -0.009 -10"><span class='ocrx_word' id='word_1_195' title='bbox 831 3213 967 3261; x_wconf 87' lang='lat' dir='ltr'>haec</span> <span class='ocrx_word' id='word_1_196' title='bbox 1002 3211 1402 3272; x_wconf 85' lang='lat' dir='ltr'>interpretatio.</span> 
     </span>
    </p>

    <p class='ocr_par' dir='ltr' id='par_1_6' title="bbox 822 3297 2970 4346">
     <span class='ocr_line' id='line_1_23' title="bbox 898 3297 2970 3362; baseline -0.001 -14"><span class='ocrx_word' id='word_1_197' title='bbox 898 3300 966 3362; x_wconf 86' lang='lat'>(1)</span> <span class='ocrx_word' id='word_1_198' title='bbox 993 3315 1018 3346; x_wconf 89' lang='lat'>«</span> <span class='ocrx_word' id='word_1_199' title='bbox 1053 3298 1197 3347; x_wconf 82' lang='lat' dir='ltr'>Sunt</span> <span class='ocrx_word' id='word_1_200' title='bbox 1228 3299 1341 3360; x_wconf 91' lang='lat' dir='ltr'>qui,</span> <span class='ocrx_word' id='word_1_201' title='bbox 1374 3300 1817 3346; x_wconf 89' lang='lat' dir='ltr'>membranarum</span> <span class='ocrx_word' id='word_1_202' title='bbox 1842 3298 2171 3347; x_wconf 88' lang='lat' dir='ltr'>auctoritate</span> <span class='ocrx_word' id='word_1_203' title='bbox 2192 3299 2337 3359; x_wconf 89' lang='lat' dir='ltr'>freti,</span> <span class='ocrx_word' id='word_1_204' title='bbox 2362 3314 2393 3345; x_wconf 90' lang='lat' dir='ltr'>a</span> <span class='ocrx_word' id='word_1_205' title='bbox 2415 3302 2575 3354; x_wconf 87' lang='grc' dir='ltr'>νεῖκος</span> <span class='ocrx_word' id='word_1_206' title='bbox 2595 3297 2825 3345; x_wconf 89' lang='lat' dir='ltr'>formam</span> <span class='ocrx_word' id='word_1_207' title='bbox 2842 3297 2970 3360; x_wconf 80' lang='grc' dir='ltr'>φιλό-</span> 
     </span>
     <span class='ocr_line' id='line_1_24' title="bbox 831 3385 2967 3448; baseline -0.002 -10"><span class='ocrx_word' id='word_1_208' title='bbox 831 3406 989 3445; x_wconf 83' lang='grc' dir='ltr'>νεικος</span> <span class='ocrx_word' id='word_1_209' title='bbox 1019 3388 1241 3435; x_wconf 88' lang='lat' dir='ltr'>ductam</span> <span class='ocrx_word' id='word_1_210' title='bbox 1272 3400 1395 3436; x_wconf 90' lang='lat' dir='ltr'>esse</span> <span class='ocrx_word' id='word_1_211' title='bbox 1426 3387 1781 3436; x_wconf 84' lang='lat' dir='ltr'>contendant.</span> <span class='ocrx_word' id='word_1_212' title='bbox 1815 3403 1839 3433; x_wconf 89' lang='lat'>«</span> <span class='ocrx_word' id='word_1_213' title='bbox 1867 3387 2001 3437; x_wconf 85' lang='lat' dir='ltr'>Cras</span> <span class='ocrx_word' id='word_1_214' title='bbox 2036 3388 2273 3438; x_wconf 88' lang='lat' dir='ltr'>credam.</span> <span class='ocrx_word' id='word_1_215' title='bbox 2307 3404 2330 3434; x_wconf 88' lang='lat'>»</span> <span class='ocrx_word' id='word_1_216' title='bbox 2363 3387 2524 3436; x_wconf 89' lang='lat' dir='ltr'>Dicat</span> <span class='ocrx_word' id='word_1_217' title='bbox 2558 3386 2757 3448; x_wconf 88' lang='lat' dir='ltr'>aliquis</span> <span class='ocrx_word' id='word_1_218' title='bbox 2789 3399 2799 3433; x_wconf 90' lang='lat'><strong>:</strong></span> <span class='ocrx_word' id='word_1_219' title='bbox 2834 3385 2967 3447; x_wconf 90' lang='lat' dir='ltr'>quid</span> 
     </span>
     <span class='ocr_line' id='line_1_25' title="bbox 830 3475 2965 3542; baseline -0.001 -15"><span class='ocrx_word' id='word_1_220' title='bbox 830 3477 1040 3542; x_wconf 82' lang='lat' dir='ltr'>igitur?</span> <span class='ocrx_word' id='word_1_221' title='bbox 1084 3491 1218 3524; x_wconf 92' lang='lat' dir='ltr'>num</span> <span class='ocrx_word' id='word_1_222' title='bbox 1258 3477 1449 3525; x_wconf 87' lang='lat' dir='ltr'>invitis</span> <span class='ocrx_word' id='word_1_223' title='bbox 1487 3477 1667 3539; x_wconf 89' lang='lat' dir='ltr'>poetis</span> <span class='ocrx_word' id='word_1_224' title='bbox 1707 3478 2033 3525; x_wconf 88' lang='lat' dir='ltr'>mutandum</span> <span class='ocrx_word' id='word_1_225' title='bbox 2072 3476 2380 3541; x_wconf 72' lang='grc' dir='ltr'>φιλονεικήςῗ</span> <span class='ocrx_word' id='word_1_226' title='bbox 2427 3476 2650 3525; x_wconf 91' lang='lat' dir='ltr'>Minime</span> <span class='ocrx_word' id='word_1_227' title='bbox 2699 3475 2965 3538; x_wconf 85' lang='lat' dir='ltr'>gentium.</span> 
     </span>
     <span class='ocr_line' id='line_1_26' title="bbox 830 3565 2966 3629; baseline -0.002 -12"><span class='ocrx_word' id='word_1_228' title='bbox 830 3567 1080 3629; x_wconf 90' lang='lat' dir='ltr'>Namque</span> <span class='ocrx_word' id='word_1_229' title='bbox 1118 3566 1291 3614; x_wconf 91' lang='lat' dir='ltr'>multo</span> <span class='ocrx_word' id='word_1_230' title='bbox 1324 3565 1428 3613; x_wconf 89' lang='lat' dir='ltr'>erit</span> <span class='ocrx_word' id='word_1_231' title='bbox 1468 3570 1522 3613; x_wconf 92' lang='lat' dir='ltr'>et</span> <span class='ocrx_word' id='word_1_232' title='bbox 1559 3566 1778 3615; x_wconf 84' lang='lat' dir='ltr'>facilius</span> <span class='ocrx_word' id='word_1_233' title='bbox 1818 3570 1872 3615; x_wconf 92' lang='lat' dir='ltr'>et</span> <span class='ocrx_word' id='word_1_234' title='bbox 1911 3567 2108 3615; x_wconf 88' lang='lat' dir='ltr'>melius</span> <span class='ocrx_word' id='word_1_235' title='bbox 2137 3567 2346 3629; x_wconf 89' lang='lat' dir='ltr'>ubique</span> <span class='ocrx_word' id='word_1_236' title='bbox 2375 3578 2638 3615; x_wconf 87' lang='lat' dir='ltr'>revocare</span> <span class='ocrx_word' id='word_1_237' title='bbox 2667 3566 2966 3627; x_wconf 84' lang='grc' dir='ltr'>φιλόνικος,</span> 
     </span>
     <span class='ocr_line' id='line_1_27' title="bbox 827 3653 2964 3720; baseline -0.004 -13"><span class='ocrx_word' id='word_1_238' title='bbox 827 3659 972 3720; x_wconf 82' lang='grc' dir='ltr'>φιλον</span> <span class='ocrx_word' id='word_1_239' title='bbox 989 3656 1123 3714; x_wconf 87' lang='grc' dir='ltr'>ικίοι,</span> <span class='ocrx_word' id='word_1_240' title='bbox 1155 3659 1420 3719; x_wconf 82' lang='grc' dir='ltr'>φιλονικεῖν</span> <span class='ocrx_word' id='word_1_241' title='bbox 1452 3669 1594 3717; x_wconf 91' lang='lat' dir='ltr'>quae</span> <span class='ocrx_word' id='word_1_242' title='bbox 1625 3657 1813 3705; x_wconf 91' lang='lat' dir='ltr'>omnia</span> <span class='ocrx_word' id='word_1_243' title='bbox 1837 3660 1967 3705; x_wconf 91' lang='lat' dir='ltr'>sunt</span> <span class='ocrx_word' id='word_1_244' title='bbox 1989 3659 2161 3705; x_wconf 89' lang='lat' dir='ltr'>verba</span> <span class='ocrx_word' id='word_1_245' title='bbox 2187 3656 2544 3718; x_wconf 87' lang='lat' dir='ltr'>incorruptae</span> <span class='ocrx_word' id='word_1_246' title='bbox 2568 3653 2915 3704; x_wconf 81' lang='lat' dir='ltr'>Graecitatis,</span> <span class='ocrx_word' id='word_1_247' title='bbox 2940 3669 2964 3699; x_wconf 89' lang='lat'>»</span> 
     </span>
     <span class='ocr_line' id='line_1_28' title="bbox 826 3742 2965 3809; baseline -0.002 -15"><span class='ocrx_word' id='word_1_248' title='bbox 826 3745 1137 3809; x_wconf 71' lang='lat' dir='ltr'>(Vollyraff,</span> <span class='ocrx_word' id='word_1_249' title='bbox 1179 3747 1382 3793; x_wconf 85' lang='lat' dir='ltr'>Studia</span> <span class='ocrx_word' id='word_1_250' title='bbox 1409 3748 1909 3806; x_wconf 73' lang='lat' dir='ltr'>palaeoyraphica‚</span> <span class='ocrx_word' id='word_1_251' title='bbox 1943 3761 1993 3808; x_wconf 91' lang='lat' dir='ltr'>p.</span> <span class='ocrx_word' id='word_1_252' title='bbox 2030 3744 2123 3807; x_wconf 73' lang='lat'>32).</span> <span class='ocrx_word' id='word_1_253' title='bbox 2156 3772 2218 3782; x_wconf 89' lang='lat'>-·</span> <span class='ocrx_word' id='word_1_254' title='bbox 2249 3743 2388 3794; x_wconf 89' lang='lat' dir='ltr'>Cum</span> <span class='ocrx_word' id='word_1_255' title='bbox 2431 3748 2605 3792; x_wconf 88' lang='lat' dir='ltr'>nostr.</span> <span class='ocrx_word' id='word_1_256' title='bbox 2637 3759 2689 3792; x_wconf 89' lang='lat' dir='ltr'>v.</span> <span class='ocrx_word' id='word_1_257' title='bbox 2724 3742 2965 3791; x_wconf 89' lang='lat' dir='ltr'>conferri</span> 
     </span>
     <span class='ocr_line' id='line_1_29' title="bbox 825 3833 2965 3903; baseline -0.001 -18"><span class='ocrx_word' id='word_1_258' title='bbox 825 3840 1061 3899; x_wconf 89' lang='lat' dir='ltr'>possunt</span> <span class='ocrx_word' id='word_1_259' title='bbox 1101 3835 1176 3883; x_wconf 95' lang='lat' dir='ltr'>IV</span> <span class='ocrx_word' id='word_1_260' title='bbox 1206 3834 1397 3893; x_wconf 67' lang='lat' dir='ltr'>Maec„</span> <span class='ocrx_word' id='word_1_261' title='bbox 1426 3836 1477 3894; x_wconf 89' lang='grc' dir='ltr'>Ι,</span> <span class='ocrx_word' id='word_1_262' title='bbox 1511 3834 1664 3885; x_wconf 75' lang='lat'>25-27</span> <span class='ocrx_word' id='word_1_263' title='bbox 1696 3850 1706 3883; x_wconf 88' lang='lat'>:</span> <span class='ocrx_word' id='word_1_264' title='bbox 1741 3838 1791 3886; x_wconf 82' lang='grc' dir='ltr'>ἐν</span> <span class='ocrx_word' id='word_1_265' title='bbox 1819 3841 1877 3900; x_wconf 75' lang='grc' dir='ltr'>τῇ</span> <span class='ocrx_word' id='word_1_266' title='bbox 1902 3836 2071 3903; x_wconf 29' lang='grc' dir='ltr'>ἡδονῇ,</span> <span class='ocrx_word' id='word_1_267' title='bbox 2091 3836 2145 3885; x_wconf 88' lang='grc' dir='ltr'>δέ</span> <span class='ocrx_word' id='word_1_268' title='bbox 2175 3837 2283 3885; x_wconf 87' lang='grc' dir='ltr'>ἐστι</span> <span class='ocrx_word' id='word_1_269' title='bbox 2313 3836 2398 3883; x_wconf 80' lang='grc' dir='ltr'>καὶ</span> <span class='ocrx_word' id='word_1_270' title='bbox 2425 3838 2456 3892; x_wconf 91' lang='grc' dir='ltr'>ἡ</span> <span class='ocrx_word' id='word_1_271' title='bbox 2485 3835 2727 3894; x_wconf 78' lang='grc' dir='ltr'>κακοήθης</span> <span class='ocrx_word' id='word_1_272' title='bbox 2755 3833 2965 3889; x_wconf 82' lang='grc' dir='ltr'>διάθεσις</span> 
     </span>
     <span class='ocr_line' id='line_1_30' title="bbox 823 3920 2960 3988; baseline -0.002 -14"><span class='ocrx_word' id='word_1_273' title='bbox 823 3923 1244 3988; x_wconf 85' lang='grc' dir='ltr'>πολυτροπωτάτη</span> <span class='ocrx_word' id='word_1_274' title='bbox 1272 3923 1468 3974; x_wconf 87' lang='grc' dir='ltr'>πάντων</span> <span class='ocrx_word' id='word_1_275' title='bbox 1500 3923 1628 3973; x_wconf 79' lang='grc' dir='ltr'>οὖσα</span> <span class='ocrx_word' id='word_1_276' title='bbox 1655 3929 1755 3973; x_wconf 88' lang='grc' dir='ltr'>τῶν</span> <span class='ocrx_word' id='word_1_277' title='bbox 1786 3925 1955 3973; x_wconf 82' lang='grc' dir='ltr'>παθῶν</span> <span class='ocrx_word' id='word_1_278' title='bbox 1973 3961 1984 3979; x_wconf 85' lang='grc'>,</span> <span class='ocrx_word' id='word_1_279' title='bbox 2015 3925 2145 3973; x_wconf 77' lang='grc' dir='ltr'>κατὰ</span> <span class='ocrx_word' id='word_1_280' title='bbox 2176 3925 2259 3986; x_wconf 87' lang='grc' dir='ltr'>μὲν</span> <span class='ocrx_word' id='word_1_281' title='bbox 2286 3925 2373 3982; x_wconf 75' lang='grc' dir='ltr'>τὴν</span> <span class='ocrx_word' id='word_1_282' title='bbox 2401 3924 2665 3987; x_wconf 80' lang='grc' dir='ltr'>ψυχὴν.....</span> <span class='ocrx_word' id='word_1_283' title='bbox 2696 3920 2960 3984; x_wconf 82' lang='grc' dir='ltr'>φιλοδοξία,</span> 
     </span>
     <span class='ocr_line' id='line_1_31' title="bbox 822 4009 2959 4078; baseline -0.004 -13"><span class='ocrx_word' id='word_1_284' title='bbox 822 4012 1092 4078; x_wconf 82' lang='grc' dir='ltr'>φιλονεικία</span> <span class='ocrx_word' id='word_1_285' title='bbox 1119 4013 1344 4074; x_wconf 84' lang='lat' dir='ltr'>(repone</span> <span class='ocrx_word' id='word_1_286' title='bbox 1374 4011 1545 4074; x_wconf 86' lang='lat' dir='ltr'>igitur</span> <span class='ocrx_word' id='word_1_287' title='bbox 1573 4011 1864 4076; x_wconf 84' lang='grc' dir='ltr'>φιλονικία)</span> <span class='ocrx_word' id='word_1_288' title='bbox 1869 4049 1987 4074; x_wconf 89' lang='lat'>......</span> <span class='ocrx_word' id='word_1_289' title='bbox 2018 4014 2148 4062; x_wconf 85' lang='grc' dir='ltr'>κατὰ</span> <span class='ocrx_word' id='word_1_290' title='bbox 2175 4013 2230 4062; x_wconf 85' lang='grc' dir='ltr'>δὲ</span> <span class='ocrx_word' id='word_1_291' title='bbox 2257 4013 2316 4061; x_wconf 85' lang='grc' dir='ltr'>τὸ</span> <span class='ocrx_word' id='word_1_292' title='bbox 2346 4017 2517 4075; x_wconf 86' lang='grc' dir='ltr'>σῶμα,</span> <span class='ocrx_word' id='word_1_293' title='bbox 2551 4009 2862 4074; x_wconf 83' lang='grc' dir='ltr'>παντοφαγίοι</span> <span class='ocrx_word' id='word_1_294' title='bbox 2865 4045 2959 4060; x_wconf 90' lang='grc'><strong>.....</strong></span> 
     </span>
     <span class='ocr_line' id='line_1_32' title="bbox 825 4100 2958 4166; baseline -0.004 -13"><span class='ocrx_word' id='word_1_295' title='bbox 825 4100 1114 4166; x_wconf 76' lang='grc' dir='ltr'>μονοφαγίοι.</span> <span class='ocrx_word' id='word_1_296' title='bbox 1166 4100 1251 4148; x_wconf 91' lang='lat' dir='ltr'>Ad</span> <span class='ocrx_word' id='word_1_297' title='bbox 1300 4101 1448 4149; x_wconf 93' lang='lat' dir='ltr'>hunc</span> <span class='ocrx_word' id='word_1_298' title='bbox 1495 4100 1721 4149; x_wconf 90' lang='lat' dir='ltr'>modum</span> <span class='ocrx_word' id='word_1_299' title='bbox 1768 4102 1987 4150; x_wconf 82' lang='lat' dir='ltr'>Grimm</span> <span class='ocrx_word' id='word_1_300' title='bbox 2021 4100 2412 4164; x_wconf 74' lang='lat' dir='ltr'>(Kurzyefasst.</span> <span class='ocrx_word' id='word_1_301' title='bbox 2444 4102 2761 4148; x_wconf 81' lang='lat' dir='ltr'>Handbuch</span> <span class='ocrx_word' id='word_1_302' title='bbox 2805 4113 2871 4148; x_wconf 85' lang='lat' dir='ltr'>zu</span> <span class='ocrx_word' id='word_1_303' title='bbox 2903 4100 2958 4146; x_wconf 87' lang='lat' dir='ltr'>d.</span> 
     </span>
     <span class='ocr_line' id='line_1_33' title="bbox 824 4169 2958 4254; baseline -0.004 -13"><span class='ocrx_word' id='word_1_304' title='bbox 824 4191 1022 4253; x_wconf 76' lang='lat' dir='ltr'>Apok.)</span> <span class='ocrx_word' id='word_1_305' title='bbox 1063 4203 1258 4240; x_wconf 89' lang='lat' dir='ltr'>vocem</span> <span class='ocrx_word' id='word_1_306' title='bbox 1305 4169 1582 4254; x_wconf 81' lang='grc' dir='ltr'>μονοφαγίοι</span> <span class='ocrx_word' id='word_1_307' title='bbox 1617 4190 1858 4252; x_wconf 85' lang='lat' dir='ltr'>explicat</span> <span class='ocrx_word' id='word_1_308' title='bbox 1906 4204 1916 4238; x_wconf 89' lang='lat'><strong>:</strong></span> <span class='ocrx_word' id='word_1_309' title='bbox 1963 4207 1985 4236; x_wconf 90' lang='lat'>«</span> <span class='ocrx_word' id='word_1_310' title='bbox 2028 4190 2520 4254; x_wconf 88' lang='lat' dir='ltr'>Alleinprasserei,</span> <span class='ocrx_word' id='word_1_311' title='bbox 2553 4189 2643 4237; x_wconf 91' lang='lat' dir='ltr'>die</span> <span class='ocrx_word' id='word_1_312' title='bbox 2684 4187 2816 4237; x_wconf 86' lang='lat' dir='ltr'>Gier</span> <span class='ocrx_word' id='word_1_313' title='bbox 2861 4186 2958 4234; x_wconf 90' lang='lat' dir='ltr'>des</span> 
     </span>
     <span class='ocr_line' id='line_1_34' title="bbox 825 4280 2853 4346; baseline -0.004 -15"><span class='ocrx_word' id='word_1_314' title='bbox 825 4281 1120 4346; x_wconf 78' lang='grc' dir='ltr'>μονοφάγος,</span> <span class='ocrx_word' id='word_1_315' title='bbox 1154 4280 1252 4327; x_wconf 89' lang='lat' dir='ltr'>der</span> <span class='ocrx_word' id='word_1_316' title='bbox 1277 4280 1426 4329; x_wconf 89' lang='lat' dir='ltr'>Alles</span> <span class='ocrx_word' id='word_1_317' title='bbox 1460 4281 1623 4328; x_wconf 91' lang='lat' dir='ltr'>allein</span> <span class='ocrx_word' id='word_1_318' title='bbox 1652 4280 1755 4328; x_wconf 90' lang='lat' dir='ltr'>isst</span> <span class='ocrx_word' id='word_1_319' title='bbox 1787 4281 1931 4329; x_wconf 92' lang='lat' dir='ltr'>ohne</span> <span class='ocrx_word' id='word_1_320' title='bbox 1962 4280 2225 4330; x_wconf 91' lang='lat' dir='ltr'>Anderen</span> <span class='ocrx_word' id='word_1_321' title='bbox 2256 4284 2424 4330; x_wconf 85' lang='lat' dir='ltr'>etwas</span> <span class='ocrx_word' id='word_1_322' title='bbox 2455 4292 2525 4328; x_wconf 88' lang='lat' dir='ltr'>zu</span> <span class='ocrx_word' id='word_1_323' title='bbox 2556 4280 2792 4341; x_wconf 76' lang='lat' dir='ltr'>gonnen.</span> <span class='ocrx_word' id='word_1_324' title='bbox 2829 4292 2853 4322; x_wconf 72' lang='lat' dir='ltr'>D</span> 
     </span>
    </p>

    <p class='ocr_par' dir='ltr' id='par_1_7' title="bbox 885 4358 2845 4438">
     <span class='ocr_line' id='line_1_35' title="bbox 885 4358 2845 4438; baseline -0.003 -17"><span class='ocrx_word' id='word_1_325' title='bbox 885 4370 953 4438; x_wconf 76' lang='lat'>(2)</span> <span class='ocrx_word' id='word_1_326' title='bbox 982 4369 1067 4420; x_wconf 84' lang='lat' dir='ltr'>cf.</span> <span class='ocrx_word' id='word_1_327' title='bbox 1098 4368 1526 4430; x_wconf 87' lang='lat' dir='ltr'>explicationem</span> <span class='ocrx_word' id='word_1_328' title='bbox 1558 4384 1722 4432; x_wconf 89' lang='lat' dir='ltr'>quam</span> <span class='ocrx_word' id='word_1_329' title='bbox 1756 4369 1825 4418; x_wconf 91' lang='lat' dir='ltr'>de</span> <span class='ocrx_word' id='word_1_330' title='bbox 1855 4370 2008 4429; x_wconf 89' lang='lat' dir='ltr'>VIII,</span> <span class='ocrx_word' id='word_1_331' title='bbox 2045 4370 2134 4420; x_wconf 83' lang='lat'>1-4</span> <span class='ocrx_word' id='word_1_332' title='bbox 2158 4371 2278 4433; x_wconf 89' lang='lat' dir='ltr'>ipse</span> <span class='ocrx_word' id='word_1_333' title='bbox 2308 4372 2481 4419; x_wconf 84' lang='lat' dir='ltr'>Godet</span> <span class='ocrx_word' id='word_1_334' title='bbox 2511 4367 2730 4432; x_wconf 65' lang='lat' dir='ltr'>accipit.</span> <span class='ocrx_word' id='word_1_335' title='bbox 2836 4358 2845 4372; x_wconf 89' lang='lat'>&#39;</span> 
     </span>
    </p>
   </div>
  </div>
 </body>
</html>
