3559 5609
1590 894 1658 955 V,
1698 893 1771 943 11.
2690 896 2751 945 49

619 1010 1159 1089 conjunguntur?
1193 1034 1221 1066 «
1259 1010 1621 1096 Expurgate
1651 1018 1835 1072 vetus
1865 1010 2281 1084 fermentum,
2319 1017 2387 1072 ut
2416 1010 2557 1072 sitis
2589 1027 2754 1074 nova

619 1116 987 1194 conspersio
1021 1134 1034 1178 :
1072 1133 1225 1178 nam
1257 1116 1582 1178 modicum
1616 1117 2011 1178 fermentum
2056 1123 2250 1178 totam
2298 1133 2575 1178 massam
2611 1133 2748 1180 cor·

619 1223 880 1301 rumpit.
924 1223 1175 1285 Pariter
1220 1230 1417 1286 estote
1459 1223 1676 1303 azymi
1712 1248 1724 1284 :
1759 1223 2002 1285 etenim
2038 1223 2274 1303 pascha
2306 1231 2597 1286 nostrum
2629 1224 2754 1285 im-

619 1330 894 1392 molatus
943 1339 1039 1392 est
1082 1331 1404 1393 Christus.
1439 1355 1467 1386 2
1511 1331 1588 1392 Et
1635 1332 1706 1392 in
1757 1351 1820 1392 v.
1867 1332 1904 1392 8
1948 1331 2112 1391 duae
2160 1328 2312 1392 illae
2361 1330 2761 1394 hortationes

620 1427 1094 1515 congregantur
1116 1434 1223 1517 (μὴ
1250 1441 1303 1498 ἐν
1330 1436 1467 1519 ζύμῃ
1494 1440 1698 1520 παλαιᾷ
1722 1469 1805 1500 -ε-
1824 1439 1877 1497 ἐν
1904 1433 2169 1519 ἀζύμοις).
2198 1421 2756 1505 Ουθωᾶᾶώοᾶυω

622 1545 1017 1608 hortationes
1060 1555 1474 1624 repetuntur,
1515 1546 1603 1607 ita
1643 1563 1903 1625 quoque
1942 1562 2165 1607 earum
2205 1544 2489 1608 rationes
2524 1562 2757 1608 conve-

621 1653 877 1714 nientes
929 1673 942 1714 ε
992 1651 1071 1714 ad
1116 1650 1229 1714 illa
1280 1652 1410 1716 duo
1458 1653 1916 1733 repetitionum
1964 1670 2201 1730 genera
2245 1652 2526 1717 notanda
2575 1669 2760 1716 voces

617 1761 794 1827 καθώς
823 1768 885 1823 et
911 1757 1003 1821 καὶ
1029 1757 1180 1842 (γάρ)
1218 1759 1570 1838 pertinent.

1566 1974 1656 2049 V,
1708 1975 1802 2037 11.

699 2193 870 2257 Cave
897 2197 981 2255 ne
1011 2191 1145 2271 μηδέ
1177 2195 1388 2254 vertas
1421 2215 1452 2247 «
1482 2209 1642 2257 ne...
1676 2190 1943 2271 quidem
1981 2215 2009 2247 n
2040 2190 2253 2272 (nicht
2281 2191 2547 2270 einmal,
2585 2193 2754 2256 auch

622 2299 850 2381 nicht).
917 2324 944 2354 ι
985 2299 1110 2362 Car
1147 2308 1246 2363 cet
1289 2307 1427 2362 acte
1473 2297 1583 2379 (de
1627 2298 1927 2375 συνεσθίειν)
1971 2307 2067 2360 est
2113 2300 2492 2362 caracterise
2539 2317 2653 2380 par
2691 2299 2755 2362 la

619 2424 869 2470 comme
903 2425 975 2470 ce
1009 2405 1169 2487 qu'il
1199 2427 1241 2488 y
1270 2425 1309 2468 a
1338 2407 1416 2469 de
1445 2406 1657 2468 moins
1685 2423 1903 2485 grave,
1942 2428 1969 2461 »
2003 2405 2238 2467 fatetur
2271 2403 2481 2483 Godet,
2515 2406 2628 2487 qui
2662 2413 2753 2468 ta-

621 2534 771 2578 men
819 2514 1306 2578 translationem
1360 2534 1418 2577 v.
1465 2513 1599 2594 μηδέ
1647 2513 1878 2593 recipit
1921 2530 2118 2593 quam
2171 2505 2457 2594 repudio.
2513 2513 2752 2590 Porro,

619 2617 1392 2697 familiaritas‘maxima,
1445 2628 1514 2683 ut
1563 2621 1984 2683 manifestum
2039 2627 2175 2696 est,
2227 2620 2418 2684 verbo
2477 2618 2758 2682 συνεσθίειν

618 2730 941 2792 indicatur
973 2749 987 2792 ε
1021 2728 1119 2790 illi
1141 2738 1359 2791 autem
1394 2730 1507 2809 qui
1539 2728 1747 2791 solum
1779 2727 2254 2809 συναναμίγνυσθαι
2286 2726 2517 2806 solent,
2557 2728 2763 2790 mino-

620 2854 758 2899 rem
789 2839 959 2898 inter
989 2855 1055 2898 se
1089 2837 1486 2899 contrahunt
1512 2837 1893 2899 amicitiam.
1926 2856 1956 2897 ‹
1989 2837 2299 2899 Recevoir
2328 2835 2685 2916 quelqu'un
2715 2839 2754 2897 a

623 2961 694 3005 sa
737 2944 900 3005 table
947 2944 1101 3004 etait
1148 2945 1299 3007 chez
1342 2944 1435 3007 les
1470 2947 1740 3006 anciens
1781 2963 1868 3005 un
1916 2944 2107 3021 signe
2160 2943 2509 3004 d'intimite
2554 2942 2755 3005 beau-

625 3066 784 3129 coup
818 3048 962 3130 plus
996 3067 1122 3130 que
1165 3049 1245 3111 de
1291 3066 1411 3111 nos
1445 3051 1627 3129 jours
1670 3075 1698 3106 ι
1738 3050 1859 3132 (sic
1894 3049 2125 3130 Godet).
2161 3049 2599 3124 Quamobrem
2639 3066 2753 3128 pro

623 3173 815 3237 neque
849 3166 1100 3218 tantum
1132 3155 1265 3236 μηδέ
1297 3156 1671 3220 habendum
1707 3168 1806 3220 est
1840 3157 2384 3237 referendumque
2414 3160 2491 3239 τῷ
2534 3154 2758 3241 τοιούτῳ

620 3266 703 3327 ad
745 3264 1084 3345 συναναμίγν.
1127 3265 1299 3344 quod
1338 3268 1621 3327 ceterum
1668 3265 1776 3327 hic
1822 3264 2006 3327 nulla
2056 3283 2204 3327 cum
2251 3265 2460 3342 figura
2493 3264 2750 3326 dieitur.

622 3375 719 3456 Τῷ
758 3370 981 3456 τοιούτῳ
1015 3382 1233 3434 autem
1263 3391 1299 3434 a
1333 3374 1528 3436 verbo
1561 3374 1904 3455 συναναμίγν.
1951 3374 2043 3435 ita
2073 3377 2346 3435 semovit
2377 3371 2617 3434 Paulus
2640 3421 2654 3449 ‚
2694 3372 2774 3434 ut

618 3481 900 3559 figuram
932 3490 1269 3559 premeret.
1305 3515 1383 3527 —-
1412 3481 1619 3562 Atqui
1649 3482 1927 3559 figuram
1953 3483 2085 3559 jam
2120 3487 2259 3560 post
2282 3479 2624 3561 συναναμίγν.
2658 3498 2761 3541 ex-

621 3606 906 3668 pressam
956 3606 1217 3651 necesse
1268 3606 1398 3650 non
1448 3598 1584 3651 erat
1628 3591 1813 3670 Juxta
1851 3588 2129 3650 συνεσθίειν
2174 3589 2411 3650 iterum
2455 3587 2754 3650 scribere.

620 3696 763 3757 Tali
811 3697 1151 3759 verborum
1193 3698 1423 3760 ordine
1462 3707 1524 3760 et
1565 3698 2028 3778 compositione
2070 3715 2199 3761 non
2237 3697 2442 3759 solum
2477 3694 2774 3796 pondus,

619 3804 729 3863 sed
787 3804 976 3865 etiam
1036 3822 1227 3867 causa
1279 3817 1664 3884 argumento
1721 3806 2002 3882 tollitur,
2065 3822 2191 3885 quo
2240 3805 2548 3866 adversus
2604 3802 2753 3865 illos

620 3909 827 3972 utitur
860 3908 1064 3980 Godet,
1104 3914 1218 3992 qni
1253 3912 1315 3973 τὸ
1354 3913 1634 3975 συνεσθίειν
1683 3914 2078 3975 transferunt
2123 3937 2150 3969 α
2203 3915 2239 3974 a
2281 3912 2342 3974 la
2376 3919 2640 3992 rupture
2667 3909 2746 3974 de

617 4016 678 4080 la
711 4018 991 4082 relation
1027 4020 1511 4102 ecclesiastique
1542 4041 1658 4102 par
1688 4021 2065 4084 l'exclusion
2118 4021 2202 4082 du
2253 4018 2433 4083 culte
2501 4030 2562 4081 et
2605 4019 2684 4082 de
2719 4018 2782 4081 la

615 4127 821 4189 sainte
847 4127 1045 4190 Cene.
1073 4126 1426 4191 »Ceterum
1452 4130 1522 4190 in
1554 4147 1771 4193 errore
1797 4136 2091 4192 versetur
2116 4126 2323 4205 Godet,
2347 4145 2430 4189 an
2462 4136 2632 4190 recte
2662 4128 2733 4189 in
2752 4152 2778 4164 -

618 4243 1020 4313 terpretetur,
1053 4235 1134 4297 ad
1167 4236 1337 4298 hanc
1378 4236 1892 4315 disputationem
1931 4234 2097 4297 nihil
2132 4236 2347 4298 refert.
2389 4235 2714 4314 Utcumqu
2739 4251 2773 4295 e

615 4357 843 4403 casura
875 4360 976 4404 res
1008 4351 1130 4416 est,
1172 4342 1309 4404 sive
1338 4347 1388 4403 oi
1417 4349 1621 4405 συνεσθ.
1660 4345 1876 4425 aqapis
1908 4345 2041 4404 sive
2084 4343 2269 4405 modo
2306 4360 2346 4422 p
2375 4325 2594 4404 riratis
2622 4357 2778 4403 con-

617 4448 807 4510 viviis
832 4450 1167 4529 intersint,
1195 4453 1457 4531 gravius
1486 4471 1739 4533 semper
1771 4452 2130 4533 quidquam
2160 4449 2464 4530 designat
2504 4474 2538 4510 σ
2566 4447 2811 4509 υνεσθίειν

2383 4558 2418 4619 4
