3559 5609
1507 812 1612 866 vn
1626 849 1639 875 ,
1679 811 1780 863 1-5.
2023 887 2031 895 ⁶
2658 809 2721 863 59

540 993 543 996 .
585 937 907 1011 videntur,
944 935 1104 995 vitia
1135 935 1259 997 ista
1298 931 1957 1004 commentatorihus,
1997 944 2127 991 non
2165 926 2479 1005 epistulae
2514 928 2714 1007 scrip-

585 1042 706 1106 tori
743 1041 1437 1121 imputare'debemUS.
1470 1040 1698 1102 Nimia
1746 1036 2215 1101 sententiarum
2256 1036 2549 1116 repetitio
2580 1054 2716 1099 cre-

585 1150 862 1230 braeque
893 1150 1265 1212 iterationes
1296 1166 1534 1226 magna
1569 1149 1637 1208 iu
1682 1153 1858 1225 parte
1906 1145 2097 1206 vitari
2141 1125 2432 1223 possunt.
2469 1144 2594 1207 Hic
2625 1150 2719 1207 est

586 1258 738 1322 ordo
767 1276 964 1338 quem
994 1257 1165 1319 mihi
1195 1257 1446 1331 Paulus
1475 1263 1736 1320 secutus
1766 1273 1907 1317 esse
1938 1245 2232 1316 videtur:

745 1476 800 1538 Ιο
830 1510 907 1520 -
942 1475 1073 1536 1-5.
1104 1507 1183 1521 —
1210 1475 1290 1535 Dc
1322 1473 1654 1555 conjuqum
1683 1473 1749 1534 in
1778 1470 2077 1534 connubio
2106 1470 2345 1533 ratione
2372 1470 2552 1534 vitae.

642 1712 647 1718 ·
667 1689 824 1753 Meri
834 1696 895 1752 to
915 1689 1567 1773 habueruntquidam
1584 1707 1643 1749 v.
1667 1689 1686 1750 1
1711 1705 1823 1766 pro
1839 1687 2277 1762 concessione,
2293 1689 2594 1767 quamvis
2614 1705 2719 1751 vo-

584 1797 890 1860 cabulum
929 1821 958 1854 «
997 1797 1331 1860 concessio
1373 1820 1400 1852 »
1437 1814 1665 1875 parum
1698 1795 2062 1857 conveniat.
2094 1795 2292 1857 Textu
2321 1795 2610 1875 quidem,
2650 1801 2719 1858 ut

584 1922 761 1969 nunc
794 1923 861 1968 se
896 1904 1116 1977 habet,
1156 1911 1429 1979 servate,
1469 1903 1627 1966 haec
1662 1903 1922 1983 opinio,
1955 1909 2026 1964 ut
2061 1903 2339 1966 ostendit
2370 1902 2576 1977 Godet,
2611 1901 2717 1964 vix

583 2011 843 2075 defendi
888 2018 1129 2090 potest3
1176 2030 1487 2091 reponam
1531 1995 1749 2073 autem
1795 2010 1957 2074 καλὸν
2004 2008 2100 2089 μὲν
2142 2008 2415 2093 ἀνθρώπῳ.
2459 2009 2718 2072 Etenim

584 2120 810 2199 optimi
851 2120 1152 2182 nonnulli
1185 2120 1324 2182 cod.
1358 2119 1549 2202 (quos
1582 2119 1879 2198 sequitur
1913 2117 2114 2196 Godel)
2144 2117 2371 2195 legunt
2405 2137 2420 2179 ε
2454 2117 2719 2202 ἐγράψατί

583 2251 706 2307 μοι,
756 2226 992 2290 καλόν...
1022 2275 1039 2303 ,
1086 2227 1246 2289 dum
1277 2228 1391 2289 alii
1432 2225 1644 2288 nihilo
1696 2226 1921 2287 minus
1965 2225 2117 2286 boui
2169 2225 2482 2305 probique
2527 2227 2717 2307 (quos

590 2334 898 2398 Gebhardt
925 2334 1244 2416 sequitur)
1277 2336 1369 2417 μοί
1397 2335 1725 2396 omittunt.
1763 2334 1978 2411 Igitur
2013 2350 2124 2411 per
2154 2333 2515 2411 marginem
2551 2332 2716 2395 illud

583 2442 673 2521 μοί
723 2442 1168 2505 verisimiliter
1215 2443 1338 2505 iter
1396 2442 1571 2504 fecit.
1632 2442 1975 2503 Mei-uuiue
2027 2447 2119 2501 est
2171 2440 2444 2516 legentis
2497 2439 2716 2520 cujus-

582 2550 730 2611 dam
767 2556 879 2610 aut
925 2550 1172 2613 scribae
1226 2549 1593 2613 scholium?
1639 2548 1960 2628 Equidem
2001 2547 2229 2609 malim
2259 2547 2440 2626 ‘illud
2480 2545 2574 2625 μοί
2603 2565 2715 2627 pro

583 2658 894 2736 particula
923 2657 1018 2737 μέν
1048 2668 1188 2737 post
1220 2656 1382 2718 καλόν
1417 2658 1661 2719 omissa
1699 2664 1892 2734 atque
1932 2656 1999 2717 in
2054 2655 2349 2733 margine
2398 2655 2716 2734 adscripta

584 2763 836 2827 habere.
870 2765 1085 2827 Velim
1117 2765 1597 2826 animadvertas
1629 2763 1699 2824 iu
1732 2763 1978 2825 unciali
2014 2762 2330 2842 scriptura
2355 2786 2380 2823 ε
2411 2769 2471 2825 et
2500 2786 2564 2837 ο,
2594 2787 2621 2821 ν
2657 2768 2718 2826 et

585 2896 658 2945 ις,
686 2896 719 2931 κ
749 2879 809 2933 et
845 2896 887 2939 ις
923 2872 1303 2950 saepissime
1334 2871 1607 2933 confusa
1638 2888 1777 2933 esse
1815 2895 1826 2929 :
1869 2870 2039 2932 uude
2075 2870 2363 2948 expedite
2397 2869 2714 2947 iutelligi-

589 2984 692 3037 tur
725 2984 830 3053 ut,
876 2979 1324 3057 intempestive
1357 2985 1505 3040 ante
1543 2976 1705 3039 καλόν
1745 2978 2104 3053 insertum,
2151 2977 2265 3038 ubi
2299 2978 2483 3039 omni
2519 2994 2716 3039 sensu

586 3089 826 3145 careret
848 3084 987 3165 μέν
1015 3086 1255 3147 factum
1291 3086 1374 3147 sit
1409 3086 1521 3166 μοί.

664 3188 924 3251 Ritekert
944 3192 1180 3268 optime
1213 3193 1372 3253 vidit
1409 3191 1527 3254 hos
1557 3191 1762 3252 v.1-2
1794 3192 1873 3252 ad
1899 3193 2256 3272 conjugum
2283 3193 2350 3254 in
2386 3191 2714 3255 connubio

582 3297 899 3358 rationem
936 3299 1103 3361 vitae
1132 3317 1270 3361 esse
1305 3299 1724 3361 referendos:
1760 3300 1934 3376 quod
1968 3317 2308 3378 nunquam
2335 3299 2715 3404 intetpetes

580 3402 849 3463 infitiari
881 3404 1278 3468 debuissent.
1313 3407 1745 3484 Nequaquam
1781 3406 1959 3466 enim
1993 3406 2063 3467 in
2098 3426 2156 3467 v.
2193 3407 2229 3468 3
2256 3406 2503 3468 Paulus
2533 3407 2712 3469 iudi-

581 3517 678 3571 cat
709 3528 776 3572 se
805 3512 885 3573 ad
916 3512 1095 3574 aliud
1131 3514 1529 3591 piopositum
1561 3513 1917 3575 deflectere.
1957 3515 2096 3576 Imo
2131 3515 2566 3593 oppositiones
2596 3515 2712 3577 hu-

572 3620 684 3697 jus
713 3637 774 3678 v.
814 3619 847 3681 3
880 3626 940 3682 et
970 3640 1029 3680 V.
1072 3622 1105 3679 4
1137 3621 1483 3683 manifesto
1531 3622 1809 3683 reddunt
1851 3638 1926 3681 ac
1975 3622 2340 3699 producunt
2369 3623 2715 3701 oppositio-

580 3743 725 3787 nem
788 3745 955 3805 quae
1012 3728 1082 3788 iu
1139 3748 1199 3788 v,
1261 3730 1295 3787 2
1359 3735 1628 3791 constat.
1695 3730 2034 3790 Praeterea
2098 3728 2290 3790 verba
2349 3729 2489 3807 ipsa
2550 3749 2611 3790 v,
2680 3732 2713 3789 2

578 3834 1021 3895 demonstrant
1063 3835 1346 3896 Paulum
1391 3834 1454 3896 h.
1504 3855 1557 3894 v.
1609 3834 2107 3896 matrimonium
2151 3836 2289 3914 jam
2337 3836 2714 3898 tenentibus

579 3941 923 4003 destinare.
987 3940 1366 4004 Coelihibus
1422 3962 1553 4004 non
1603 3943 1840 4004 diceret
1896 3965 1907 4001 :
1961 3942 2380 4022 unusquisque
2425 3951 2710 4005 vestrum

466 4068 476 4077 ·
578 4048 998 4109 matrimonio
1034 4066 1102 4110 se
1130 4049 1526 4126 obstringat!
1568 4049 2031 4127 Repugnautia
2062 4049 2240 4110 enim
2278 4066 2572 4127 expresse
2608 4050 2711 4110 di-

577 4162 746 4218 ceret
791 4158 871 4233 (v.
915 4158 948 4216 7
981 4153 1092 4235 (1),
1127 4157 1186 4234 8,
1223 4158 1442 4238 etc...).
1480 4157 1780 4236 Denique
1812 4157 1867 4217 si
1906 4157 1984 4218 de
2019 4156 2133 4219 illo
2182 4174 2393 4218 sermo
2429 4156 2662 4220 fuisset
2695 4182 2707 4217 z

643 4384 706 4447 (1)
740 4385 914 4448 Igitur
949 4387 1099 4435 solus
1140 4387 1345 4435 Paulus
1382 4388 1652 4437 charisma
1687 4388 1991 4438 coelibatus
2027 4384 2360 4450 accepisset!
2399 4384 2553 4444 Quae
2589 4398 2713 4434 eum
