3559 5609
897 830 987 883 140
1801 830 1920 894 XV,
1952 830 2124 883 ‘za-24.

1756 1055 1909 1133 XV,
1955 1054 2157 1119 23-24.

978 1271 1056 1332 In
1087 1270 1237 1340 τέλος
1278 1270 1433 1335 latet
1467 1288 1594 1335 non
1631 1271 1788 1334 finis
1818 1269 2289 1333 resurrectionis
2320 1268 2724 1350 (Theodora,
2763 1268 2984 1351 Benyel
3006 1319 3022 1345 ‚

899 1379 1132 1459 Meyer,
1172 1377 1524 1460 Osiander),
1562 1380 1671 1441 sed
1705 1377 1861 1440 finis
1892 1377 2383 1460 resuryentium,
2420 1376 2807 1451 nontertius
2838 1376 3027 1456 quasi

895 1493 1074 1548 aetus
1120 1485 1408 1560 fabulae,
1454 1485 1594 1549 scil.
1642 1484 2164 1559 resurrectioni8‚
2199 1484 2308 1546 sed
2346 1484 2526 1545 tertia
2563 1493 2756 1564 atque
2796 1483 3027 1546 ultima

895 1609 1041 1672 pars
1084 1592 1344 1656 illorum
1390 1595 1502 1675 qui
1559 1584 1963 1656 reviviscent.
2020 1589 2211 1654 Godet
2243 1591 2498 1653 videtur
2539 1608 2655 1653 vox
2702 1589 2851 1658 τέλος
2894 1607 3026 1652 non

903 1698 1061 1762 adeo
1089 1700 1354 1764 definita
1390 1718 1465 1763 ac
1499 1701 1846 1765 constituta
1875 1718 2035 1777 esse,
2071 1709 2140 1762 ut
2166 1699 2504 1779 designare
2538 1698 2739 1778 possit
2768 1699 3027 1760 tertium

898 1807 1387 1870 resurrectionis
1420 1815 1657 1870 aetum.
1700 1808 1847 1887 Ipse
1888 1815 2104 1869 tamen
2128 1855 2142 1883 ,
2174 1806 2344 1887 quod
2382 1804 2485 1868 illi
2515 1806 2870 1868 sententiae
2899 1806 3030 1866 mi-

896 1913 1074 1975 nime
1122 1924 1634 1977 consentaneum
1682 1922 1780 1976 est
1822 1913 1914 1995 (p.
1960 1912 2135 1994 362),
2190 1913 2479 1993 loquitur
2520 1913 2599 1974 de
2656 1936 2683 1968 ι
2727 1911 3030 1975 ενοίεἰὲιηο

895 2037 1054 2102 rany
1083 2020 1302 2101 (verba
1332 2023 1469 2102 ipse
1500 2029 1653 2085 nota
1682 2022 1799 2084 illa
1825 2021 2150 2104 designat)
2177 2021 2289 2085 des
2319 2021 2713 2098 ressuscites,
2746 2045 2772 2076 ι
2809 2038 3030 2099 quam-

897 2127 996 2188 vis
1025 2127 1214 2189 illum
1250 2128 1544 2192 ordinem
1577 2137 2155 2193 commemoratum
2184 2130 2482 2192 invenire
2517 2135 2767 2191 recuset
2793 2129 2864 2189 in
2893 2145 3055 2199 ver--

895 2234 996 2297 his
1029 2235 1183 2298 solis
1217 2235 1285 2296 iu
1333 2237 1568 2317 quibus
1621 2237 1911 2300 inveniri
1940 2236 2142 2317 possit
2172 2234 2286 2319 (1).
2324 2236 2665 2300 Suffecerit
2689 2243 2937 2311 autern,
2974 2234 3030 2296 si

895 2360 1000 2405 me
1031 2343 1242 2420 audis,
1272 2344 1615 2407 observare
1644 2366 1661 2406 ι

980 2450 1036 2510 1.
1068 2450 1201 2512 Vox
1229 2450 1382 2519 τέλος
1411 2451 1758 2514 manifeste
1784 2452 1925 2515 voci
1952 2450 2168 2535 ἁπαρχή
2193 2451 2561 2532 respondet.
2587 2485 2664 2497 -
2691 2451 2897 2512 Loous
2917 2448 3029 2510 ille

900 2557 968 2617 in
1009 2557 1393 2619 memoriam
1418 2556 1536 2619 illa
1566 2559 1759 2620 verba
1787 2558 1964 2639 Sap„
1996 2559 2146 2632 VII,
2189 2559 2259 2619 18
2296 2578 2310 2620 :
2343 2557 2484 2641 ἀρχὴ
2515 2558 2605 2618 καὶ
2627 2557 2776 2625 τέλος
2803 2557 2895 2617 καὶ
2922 2581 3055 2636 ps·-

896 2663 1054 2737 σότης
1090 2663 1292 2747 χρόνων
1340 2665 1608 2728 reducit.
1646 2666 1804 2728 Sine
1842 2667 2040 2729 dubio
2067 2667 2137 2727 in
2170 2665 2307 2729 loco
2352 2684 2411 2730 v.
2444 2665 2672 2745 μεσότης
2702 2672 3029 2745 ponuntur

898 2771 1003 2834 hic
1031 2790 1090 2833 v.
1134 2774 1184 2831 οἳ
1219 2778 1311 2833 τοῦ
1340 2774 1594 2856 Χριστοῦ.
1631 2807 1708 2819 -
1741 2773 1811 2834 Si
1847 2791 1959 2853 per
1987 2772 2202 2857 ἀπαρχή
2234 2772 2608 2851 designatur
2639 2791 2783 2851 pars
2813 2789 3027 2833 resur-

896 2880 1189 2958 gentium
1224 2880 1548 2962 (Christus
1578 2889 2005 2958 resurrectuS,
2032 2879 2254 2965 ἀπαρχὴ
2287 2892 2394 2941 τῶν
2415 2879 2860 2962 κεκοιμημένων),
2896 2897 3025 2942 nou

897 2993 1097 3068 potest
1141 2988 1291 3055 τέλος
1335 2988 1514 3051 aliud
1561 2990 1919 3069 designare
1967 3007 2163 3071 quam
2211 2989 2691 3068 resurgentium
2738 2993 2984 3067 partem
3008 3033 3025 3062 ‚

897 3094 1032 3157 scil.
1067 3103 1312 3175 partem
1343 3113 1507 3175 quae
1537 3103 1836 3178 superest
1877 3104 2019 3177 post
2057 3096 2116 3158 1⁰
2142 3095 2478 3159 Christum
2508 3093 2754 3178 ἀπαρχήν
2774 3142 2788 3170 ,
2823 3097 2884 3156 2⁰
2909 3093 3029 3163 τοὺς

893 3214 989 3263 τοῦ
1018 3204 1270 3287 Χριστοῦ.

980 3309 1037 3369 2.
1070 3308 1232 3371 Cum
1266 3309 1527 3373 vocibus
1556 3308 1775 3394 ἀπαρχή
1813 3314 1949 3383 etot
1976 3317 2067 3371 τοῦ
2097 3312 2327 3394 Χριστοῦ
2372 3300 2565 3390 αῑᾳιιό
2602 3308 2853 3385 ἕκαστος,
2894 3315 3029 3371 tum

835 3442 841 3451 ·
899 3414 1111 3476 verbis
1140 3415 1202 3475 τὸ
1227 3416 1377 3484 τέλος
1409 3425 1717 3498 tanquam
1750 3419 2056 3499 subjectis
2093 3418 2295 3480 utitur
2328 3436 2389 3478 v.
2422 3416 2917 3491 ζωοποιηθήσονται.

979 3521 1039 3585 3.
1065 3523 1233 3584 Nam
1261 3516 1374 3583 εἶτα
1399 3532 1568 3586 arcte
1596 3528 1645 3584 οἱ
1671 3532 1761 3584 τοῦ
1795 3526 2026 3609 Χριστοῦ
2057 3533 2119 3588 et
2144 3524 2206 3585 τὸ
2227 3525 2378 3592 τέλος
2412 3523 2692 3600 colligat.
2731 3524 2827 3586 Cf.
2854 3523 3030 3586 enim

899 3629 1055 3705 XII,
1083 3631 1158 3692 28
1180 3631 1290 3694 ubi
1314 3629 1504 3695 Godet
1524 3632 1660 3711 ipse
1680 3633 2017 3711 posteriori
2043 3652 2106 3694 v.
2134 3631 2316 3693 ἔπειτα
2338 3631 2508 3711 quod
2531 3629 2687 3709 legit
2706 3627 3029 3706 Gebhardt,

959 3869 1025 3933 (1)
1057 3869 1312 3929 Quonam
1338 3871 1505 3920 etiarn
1542 3873 1666 3934 jure
1695 3872 1945 3935 loquitur
1976 3871 2044 3921 de
2074 3872 2252 3921 tribus
2284 3871 2709 3922 resurrectionis
2738 3871 3033 3919 momentis

896 3959 1325 4021 (resurrectione
1377 3959 1603 4020 Christi,
1655 3962 2065 4011 resurrectione
2115 3961 2361 4011 fidelium
2379 3999 2392 4022 ‚
2439 3961 2848 4011 resurrectione
2904 3960 3032 4008 uni·

896 4048 1077 4111 versa)
1109 4047 1180 4112 (p.
1221 4049 1331 4112 373)
1358 4049 1381 4097 ⁴?
1408 4050 1475 4100 V.
1509 4051 1603 4112 26,
1636 4055 1768 4099 cum·
1803 4051 1955 4100 solus
1995 4050 2321 4114 respicitur,
2367 4052 2531 4100 talem
2567 4063 2792 4100 sensum
2829 4050 3032 4098 habere

897 4136 1107 4199 nequit.
1141 4137 1267 4187 Non
1292 4140 1403 4200 jam
1433 4140 1545 4188 ulla
1575 4153 1723 4190 mors
1755 4141 1861 4188 erit
1893 4154 1905 4188 z
1938 4139 2107 4202 quod,
2138 4153 2260 4188 mea
2290 4140 2582 4201 sententia,
2614 4152 2728 4188 non
2757 4137 3032 4201 significat

898 4226 1022 4274 illos
1051 4226 1147 4287 qui
1172 4229 1289 4275 tum
1316 4227 1505 4277 vivere
1530 4230 1643 4291 jam
1674 4230 1990 4287 desierunt,
2022 4242 2223 4279 novam
2254 4229 2322 4278 de
2352 4229 2569 4291 integro
2597 4228 2768 4277 vitam
2797 4240 3030 4289 recupe-

898 4326 1019 4362 rare
1050 4327 1232 4376 posse,
1265 4316 1363 4366 sed
1389 4318 1649 4368 mortales
1678 4317 1774 4367 illo
1800 4322 2048 4382 tempore
2076 4318 2193 4368 vita
2219 4318 2468 4369 fruentes
2496 4318 2646 4369 illam
2667 4317 2727 4368 in
2747 4319 3033 4368 aeternum

901 4406 1244 4457 servaturos.
