3559 5609
783 794 844 845 96
1695 793 1773 845 lx
1788 831 1802 855 ,
1840 794 2006 845 10-12.

781 918 1061 988 constet,
1093 917 1239 972 ‘non
1277 909 1483 972 video.
1525 908 1714 973 Godet
1739 911 1957 972 verbis
1990 909 2340 991 amplificat
2370 911 2669 992 plurimis
2714 929 2913 990 argu-

782 1017 1248 1083 mentationem
1279 1023 1477 1079 totam
1507 1034 1729 1096 quam,
1765 1016 1882 1080 illo
1911 1025 2195 1094 auctore,
2237 1017 2482 1080 Paulus
2511 1019 2736 1081 fecerit
2774 1037 2788 1081 ε
2823 1020 2916 1082 fa-

783 1130 918 1185 teor
949 1122 1132 1185 illam
1159 1141 1265 1185 me
1304 1140 1436 1186 non
1470 1124 1858 1202 intelligere.
1900 1126 2287 1207 Ceteroquin
2340 1113 2724 1206 symmetria
2756 1136 2920 1206 part.

781 1227 1034 1313 ἀροτριῶν
1063 1238 1127 1292 et
1165 1228 1362 1305 ἀλοῶν,
1400 1248 1603 1311 aeque
1636 1250 1708 1294 ac
1739 1252 1799 1295 v.
1845 1232 1918 1308 9,
1955 1250 2074 1296 nos
2116 1232 2504 1313 impellunt,
2555 1241 2626 1296 ut
2668 1232 2924 1318 ἀροτριῶν

781 1353 895 1416 pro
924 1336 1085 1399 bove
1108 1346 1333 1399 arante
1356 1337 1710 1400 habeamus
1741 1336 1865 1419 (Cf.
1885 1339 1925 1400 J
1929 1339 2031 1413 ob,
2061 1339 2119 1415 Ι,
2155 1339 2228 1400 14
2251 1374 2330 1384 -
2353 1337 2588 1420 LXX).
2612 1341 2784 1402 Nam
2808 1341 2921 1403 bos
3005 1366 3011 1377 =

779 1451 1066 1505 aratrum
1098 1442 1465 1521 extrahens,
1500 1461 1684 1506 arare
1716 1445 1907 1506 debet
1935 1464 2199 1526 sperans
2228 1447 2351 1509 sibi
2382 1464 2453 1509 os
2483 1465 2614 1509 non
2649 1447 2922 1525 alligan-

778 1548 936 1610 dum
963 1566 1103 1611 esse
1131 1566 1282 1611 cum
1315 1549 1666 1626 triturabit,
1698 1560 1762 1614 et
1789 1569 1940 1619 cum
1972 1554 2248 1630 triturat,
2284 1554 2503 1616 videre
2532 1553 2722 1617 debet
2742 1572 2922 1634 spem

779 1672 964 1719 suam
997 1656 1079 1718 ad
1109 1655 1370 1718 irritum
1400 1673 1533 1719 non
1565 1657 1773 1737 redigi
1807 1677 1882 1721 ac
1908 1659 2295 1740 participare
2323 1661 2479 1741 quid
2510 1661 2768 1723 trituret
2802 1660 2919 1742 (1).

778 1763 1029 1838 Quibus
1058 1763 1358 1843 expositis
1383 1810 1398 1839 ‚
1436 1763 1762 1827 concludit
1807 1766 2042 1828 Paulus
2073 1786 2087 1829 ε
2139 1784 2286 1846 ego,
2340 1767 2665 1848 apostolus
2692 1813 2707 1841 ,
2745 1768 2918 1847 apud

778 1886 889 1933 vos
923 1872 1273 1948 seminavi,
1320 1872 1643 1936 seminare
1688 1874 2004 1937 debebam
2051 1886 2315 1956 sperans
2360 1893 2634 1938 messem
2665 1875 2922 1954 partici-

777 1996 929 2058 pare
964 2003 978 2039 :
1012 1979 1169 2058 quid
1213 1978 1457 2047 mirum
1488 1989 1682 2054 esset,
1730 1982 1784 2042 si
1824 1999 2002 2044 nunc
2032 2000 2215 2062 spem
2256 1982 2442 2045 illam
2492 1982 2574 2045 ad
2620 1983 2918 2044 effectum

778 2086 1094 2159 adducam
1133 2086 1639 2167 participemque
1668 2087 1836 2151 illud
1869 2089 2064 2169 quod,
2095 2097 2406 2166 ceterum,
2442 2088 2558 2153 alii
2584 2090 2760 2169 apud
2811 2106 2920 2153 vos

780 2195 1063 2255 metant?
1100 2192 1308 2259 Verbo
1336 2192 1577 2277 ἀροτριᾶν
1605 2195 1953 2274 respondet
1971 2196 2241 2258 verbum
2268 2195 2608 2278 ἐσπείραμεν,
2641 2205 2705 2258 et
2728 2196 2921 2258 verbo

777 2299 1019 2382 μετέχειν
1056 2301 1163 2381 (cf.
1211 2299 1522 2383 μετέχουσιν
1555 2300 1627 2362 in
1675 2320 1735 2362 v.
1792 2302 1888 2383 12)
1934 2302 2202 2364 verbum
2244 2302 2534 2385 θερίσομεν.
2586 2302 2749 2363 Cum
2798 2301 2917 2363 sibi

780 2408 974 2470 verba
1004 2427 1065 2470 v.
1104 2409 1177 2470 10
1205 2409 1520 2489 applicat,
1567 2409 1818 2487 cogitur
1858 2408 2103 2471 Paulus
2131 2408 2361 2471 leviter
2409 2410 2604 2471 verba
2644 2436 2669 2462 «ι
2714 2417 2914 2472 meta-

776 2515 1019 2597 phorae
1051 2539 1080 2572 »
1114 2524 1364 2578 mutare
1387 2563 1402 2592 ,
1436 2525 1499 2578 et
1526 2516 1700 2578 acin
1728 2514 1944 2578 locum
1972 2516 2154 2578 bovis
2182 2517 2429 2579 arantis
2458 2525 2521 2579 et
2554 2516 2918 2581 triturantis

777 2622 1116 2686 hominem
1161 2624 1593 2687 seminantem
1636 2632 1699 2686 et
1746 2632 2094 2686 metentem
2138 2642 2397 2706 ponere.
2446 2624 2573 2687 Sed
2619 2623 2915 2687 animad-

779 2737 988 2792 vertes
1016 2747 1269 2810 semper
1299 2730 1595 2795 eamdem
1624 2747 1964 2811 personam
1997 2732 2249 2795 duobus
2285 2732 2496 2794 verbis
2529 2731 2860 2811 designari
2897 2750 2913 2791 ε

778 2854 958 2900 nunc
985 2837 1131 2914 bos,
1166 2855 1344 2900 nunc
1378 2837 1643 2912 Paulus.

862 2943 1091 3008 Olearii
1122 2947 1490 3024 conjectura}
1525 2950 1599 3008 in
1640 2965 1701 3011 V.
1748 2947 1822 3009 12
1862 2971 1875 3008 ε
1921 2953 2015 3021 τῆς
2059 2953 2227 3027 ἡμῶν
2270 2946 2507 3017 ἐξουσίας
2551 2945 2793 3026 Optima
2823 2953 2920 3008 est

776 3062 971 3134 atque
999 3053 1394 3133 accipienda.
1430 3054 1555 3115 Hic
1588 3071 1847 3135 quoque
1889 3054 2363 3117 observandum
2397 3062 2491 3116 est
2527 3053 2697 3133 quod
2729 3050 2919 3114 Godet

778 3164 851 3225 in
876 3161 1007 3224 alio
1037 3161 1175 3224 loco
1204 3161 1475 3225 scribit:
1514 3184 1542 3217 «
1578 3161 1637 3223 Il
1666 3180 1713 3223 n
1715 3160 1835 3224 'es‘t
1876 3179 1988 3242 pas
2023 3161 2266 3241 permis
2295 3165 2333 3222 a
2374 3160 2772 3240 l'interprete
2801 3158 2916 3221 des

780 3268 1021 3333 saintes
1042 3268 1365 3331 Ecritures
1389 3268 1468 3330 de
1491 3269 1943 3332 subordonner
1960 3286 2080 3332 son
2104 3269 2232 3331 bon
2264 3285 2413 3339 sens
2436 3271 2474 3330 a
2499 3267 2537 3328 Γ
2546 3266 2911 3341 arbitraire‚

778 3378 818 3438 a
843 3373 1380 3454 l'inintelligence
1408 3395 1492 3439 ou
1528 3379 1567 3436 a
1594 3375 1658 3438 la
1692 3377 2073 3456 negligence
2101 3376 2213 3438 des
2241 3378 2507 3438 anciens
2545 3342 2910 3483 copisteS.»

777 3482 865 3564 (p.
900 3481 1026 3561 41).
1064 3481 1470 3553 Durissimae
1505 3492 1659 3545 sunt
1688 3492 1883 3564 atque
1912 3483 2352 3546 intolerabiles
2381 3476 2609 3546 omnes
2644 3497 2811 3562 quae
2835 3478 2915 3542 de

776 3592 924 3670 ὑμῶν
959 3590 1314 3670 propositae
1362 3599 1516 3654 sunt
1555 3592 2142 3672 interpretationes.
2172 3590 2257 3652 Si
2297 3590 2553 3652 confers
2588 3585 2913 3669 quomodo

777 3698 851 3760 in
879 3707 1177 3763 contextu
1222 3698 1431 3770 ἐξουσία
1483 3708 1828 3783 usurpatur
1860 3698 2053 3780 (quae
2097 3700 2170 3760 in
2216 3716 2285 3761 se
2323 3696 2678 3789 maximam
2713 3695 2913 3776 hujus

774 3810 899 3874 loci
936 3811 1326 3874 sententiam
1366 3810 1583 3890 habet)
1622 3809 1715 3891 (2)
1737 3855 1753 3884 ‚
1802 3826 1953 3879 cum
1994 3803 2236 3871 Olearia
2269 3807 2539 3870 omnino
2576 3805 2789 3868 facies.
2836 3837 2911 3850 -

837 4010 907 4074 (1)
940 4009 1197 4061 Forsitan
1226 4009 1418 4067 ἐλπίδος
1455 4012 1656 4070 ἑαυτοῦ,
1687 4009 1797 4058 11151
1828 4007 2183 4058 scribendum
2210 4008 2296 4058 καὶ
2327 4010 2355 4057 ὁ
2389 4008 2550 4058 ἀλοῶν
2578 4007 2645 4058 <
2672 4005 2820 4055 ἀλοᾶν
2848 4005 2911 4056 >

775 4101 875 4152 ἐπὶ
901 4100 973 4165 τῷ
1004 4101 1226 4165 μετέχειν
1255 4105 1341 4160 τῆς
1373 4099 1566 4156 ἐλπίδος
1598 4099 1781 4159 αὐτοῦ,
1813 4098 1902 4148 vel
1931 4101 2147 4146 tantum
2206 4097 2293 4147 καὶ
2320 4099 2349 4148 ὁ
2379 4097 2540 4147 ἀλοῶν
2566 4101 2634 4153 <
2660 4094 2810 4145 ἀλοᾶν
2849 4094 2909 4141 >

774 4193 857 4243 ἐπὶ
883 4195 957 4255 τῷ
981 4191 1231 4256 ..μετόχειν

835 4279 902 4344 (2)
932 4278 1073 4329 Vide
1103 4279 1199 4342 IX,
1229 4278 1277 4342 4,
1312 4280 1358 4340 5,
1392 4279 1437 4339 6,
1474 4278 1531 4327 12
1557 4277 1635 4342 (τῇ
1664 4278 1863 4344 ἐξουσίᾳ
1888 4278 2084 4343 ταύτῃ),
2115 4276 2172 4327 18
2193 4275 2272 4340 (τῇ
2302 4275 2500 4334 ἐξουσία
2529 4274 2662 4338 μου),
2686 4276 2740 4323 et
2759 4283 2910 4336 prae·

705 4434 706 4437 ¹
772 4370 964 4422 sertim
990 4368 1669 4434 significationem-confer
1697 4369 1996 4419 verborum
2021 4369 2054 4425 ἡ
2083 4366 2281 4425 ἐξουσία
2306 4369 2443 4429 ὑμῶν
2469 4365 2528 4415 111
2556 4363 2709 4426 VIII,
2742 4362 2786 4413 9.
