3559 5609
758 855 788 904 6
1730 855 1780 916 Ι,
1815 854 1925 912 24.
1969 875 1992 918 4

758 973 892 1049 (aut
918 970 1108 1033 illum
1139 970 1352 1051 quiin
1397 976 1639 1032 textum
1681 968 2003 1032 scholium
2050 969 2350 1051 inseruit)
2403 971 2746 1034 verborum
2787 988 2893 1035 or-

758 1078 910 1140 dine
937 1078 1006 1138 in
1030 1096 1091 1138 v,
1131 1079 1154 1137 1
1193 1077 1610 1158 sollicitatum
1639 1075 1860 1140 fuisse.
1891 1076 2048 1138 Veri
2076 1084 2293 1138 autem
2326 1076 2446 1139 hoc
2476 1095 2608 1140 non
2640 1077 2896 1141 videtur

757 1185 1001 1262 simile,
1043 1186 1384 1266 praecipue
1409 1202 1556 1247 cum
1586 1184 1744 1247 ordo
1782 1182 1923 1267 ῗΙησ.
1952 1185 2143 1266 Χριστ.
2177 1184 2277 1246 bis
2306 1184 2379 1245 in
2411 1202 2548 1264 seq.
2578 1192 2890 1248 occurrat.

756 1294 1095 1355 Praeterea
1146 1291 1269 1356 hoc
1329 1291 1808 1362 animadverte,
1872 1307 2111 1369 quaeso
2169 1309 2184 1351 ι
2237 1291 2293 1351 si
2345 1292 2627 1370 primum
2682 1291 2893 1370 operis

755 1399 1080 1480 exemplar
1108 1403 1320 1473 κλητοῖς
1356 1399 1524 1481 ἁγίοις
1568 1398 1998 1480 praebuisset,
2029 1396 2212 1460 nullo
2245 1397 2436 1460 modo
2465 1396 2785 1461 scholium
2819 1396 2892 1458 in

754 1508 1046 1585 margine
1086 1507 1266 1569 nasci
1297 1508 1629 1587 potuisset.
1672 1508 1817 1569 Meo
1840 1505 2092 1585 judicio
2128 1506 2467 1584 scripserat
2497 1504 2739 1569 Paulus
2774 1525 2788 1568 :
2826 1510 2892 1588 τῇ·

753 1617 899 1675 ἐκκλ.
934 1620 1025 1674 τοῦ
1051 1615 1191 1675 Θεοῦ
1221 1618 1286 1695 τῇ
1315 1613 1445 1695 οὔσῃ
1478 1617 1529 1673 ἐν
1567 1616 1729 1695 Κορ.,
1757 1615 1973 1685 κλητοῖς
2015 1611 2181 1692 ἁγίοις
2210 1613 2438 1693 Χριστοῦ
2477 1609 2678 1685 Ἰησοῦ.
2714 1612 2892 1687 Quae

755 1721 947 1784 scribi
979 1720 1166 1801 plane
1196 1729 1485 1800 poterant
1512 1720 1619 1802 (cf.
1659 1721 1833 1794 Act.,
1868 1719 1993 1795 IX,
2040 1717 2147 1791 133
2188 1719 2222 1777 2
2265 1717 2517 1795 Thess„
2549 1719 2605 1795 I,
2649 1718 2787 1800 10),
2830 1728 2892 1781 et

753 1829 966 1890 verbis
996 1847 1056 1890 V.
1096 1830 1122 1890 1
1165 1854 1179 1888 ι
1210 1829 1405 1902 κλητὸς
1435 1827 1732 1896 ἀπόστολος
1765 1830 1996 1910 Χριστοῦ
2039 1824 2215 1898 Ἰησοῦ
2252 1824 2442 1904 plane
2474 1825 2883 1905 respondent.

757 1934 882 1998 Sed
903 1936 1310 2015 nusquamin
1331 1936 1414 1997 N.
1433 1936 1506 1998 T.
1535 1934 1969 2013 reperiuntur.
1987 1932 2434 2012 Opportunum
2451 1933 2652 2010 igitur
2678 1935 2888 1996 visum

755 2042 877 2104 fuit
897 2042 1142 2120 legenti
1172 2043 1434 2104 cuidam
1464 2043 1535 2102 in
1565 2041 1861 2118 margine
1885 2040 2045 2103 haec
2074 2040 2268 2102 verba
2298 2041 2485 2119 quasi
2515 2040 2889 2120 interpreta-

756 2155 1050 2210 mentum
1078 2168 1335 2212 exarare
1365 2148 1701 2230 ἡγιασμένοις
1735 2149 1789 2207 ἐν
1808 2149 2023 2229 Χριστῷ
2060 2145 2258 2223 Ἰησοῦ,
2292 2153 2353 2209 et
2376 2147 2674 2209 ordinem
2694 2150 2883 2230 Χριστ.

767 2252 905 2327 Ἰησ.
966 2257 1367 2336 transcripsit
1410 2274 1603 2335 quem
1653 2256 1723 2315 in
1780 2255 1995 2318 verbis
2043 2253 2441 2336 explicandis
2490 2254 2883 2319 inveniebat.

758 2364 1106 2443 Postquam
1140 2364 1213 2425 in
1255 2370 1497 2424 textum
1545 2362 1863 2426 scholium
1913 2363 2232 2424 insertum
2283 2368 2404 2435 est,
2466 2379 2725 2424 necesse
2763 2362 2888 2425 fuit

752 2470 919 2532 haec
947 2471 1140 2532 verba
1184 2472 1412 2553 Χριστοῦ
1470 2468 1680 2545 Ἰησοῦ,
1734 2478 1873 2549 post
1915 2473 2126 2543 κλητοῖς
2178 2468 2375 2549 ἁγίοις,
2436 2486 2508 2529 ex
2539 2469 2741 2531 oculis
2778 2486 2884 2531 au-

758 2577 934 2640 ferri.
966 2608 1048 2623 —
1077 2576 1267 2639 Godet
1301 2577 1464 2638 mihi
1503 2578 1664 2638 forte
1701 2576 1964 2656 objiciet
2006 2594 2073 2637 se
2115 2575 2202 2637 ita
2234 2594 2292 2636 v,
2341 2573 2443 2637 2-3
2478 2574 2888 2655 interpretari

760 2693 830 2748 ut
845 2685 1291 2765 pleonasmum
1312 2704 1371 2745 v.
1395 2682 1733 2764 ἡγιασμένοις
1761 2691 1824 2744 et
1852 2684 2020 2765 ἁγίοις
2048 2682 2225 2746 tollat
2244 2700 2316 2745 ac
2336 2699 2485 2744 cum
2516 2682 2888 2763 pleonasmo

757 2810 965 2856 unum
1013 2809 1305 2854 meorum
1355 2799 1910 2869 argumentorum.
1961 2790 2084 2853 Sed
2124 2791 2419 2871 quamvis
2463 2788 2553 2850 σὺν
2586 2799 2744 2862 πᾶσιν
2776 2801 2885 2858 τοῖς

758 2901 966 2961 ἐπικαλ.
1008 2916 1158 2961 cum
1187 2901 1399 2972 κλητοῖς
1437 2897 1603 2978 ἁγίοις
1629 2898 1893 2977 jungat,
1945 2904 2280 2976 permanet
2324 2896 2688 2976 tautologia.
2727 2921 2755 2953 ιι
2793 2899 2885 2959 La

759 3007 1030 3070 saintete
1052 3004 1418 3081 desfidele5‚
1453 3028 1478 3060 »
1499 3004 1738 3084 inquit,
1765 3027 1792 3061 «
1816 3004 2170 3066 estrelevee
2188 3022 2317 3067 une
2334 3005 2880 3068 secondefoisafin

756 3113 864 3194 d’y
893 3114 1214 3176 rattacher
1244 3132 1330 3175 un
1363 3114 1509 3176 trait
1539 3130 1858 3175 nouveau.
1908 3135 1935 3168 1>
1983 3112 2276 3176 Profecto
2307 3113 2569 3192 quidem
2589 3158 2607 3188 ‚
2640 3113 2751 3175 sed
2784 3119 2878 3176 ta-

754 3239 908 3283 men
937 3222 1037 3283 bis
1063 3221 1463 3301 exprimitur,
1490 3228 1552 3282 et
1583 3221 1903 3283 sententia
1926 3237 2089 3283 nova
2116 3222 2353 3300 optime
2375 3238 2522 3283 cum
2546 3220 2883 3302 ἡγιασμένοις

755 3328 1064 3407 conjungi
1096 3334 1340 3405 poterat
1367 3328 1769 3406 minimeque
1798 3327 2237 3390 necessarium
2271 3335 2408 3390 erat
2445 3327 2613 3408 ἁγίοις
2646 3327 2880 3390 addere

751 3466 834 3480 —
877 3440 989 3494 aut
1031 3433 1170 3494 vice
1221 3451 1426 3495 versa.
1480 3433 1877 3513 Ceteroquin
1921 3434 2200 3521 defendi.
2235 3435 2417 3499 nullo
2468 3443 2637 3497 moto
2680 3443 2881 3515 potest

757 3537 944 3601 Godet
972 3539 1416 3618 interpretatio
1451 3560 1465 3602 ε
1503 3540 1678 3621 quod
1708 3557 1826 3603 nos
1870 3541 1953 3603 ad
1986 3542 2406 3621 posteriorem
2439 3543 2565 3606 loci
2599 3543 2876 3606 difficul-

753 3653 948 3709 tatem
983 3645 1263 3707 adducit.

833 3759 892 3820 2.
929 3757 1118 3820 Godet
1138 3757 1458 3837 praeclare
1487 3756 1633 3819 illos
1658 3756 1893 3819 refellit
1921 3759 2033 3838 qui
2058 3757 2147 3819 σὺν
2167 3769 2327 3820 πᾶσιν
2348 3769 2458 3828 τοῖς
2480 3762 2691 3825 ἐπικαλ.
2728 3780 2877 3825 cum

749 3870 813 3947 τῇ
862 3865 1114 3949 ἐκκλησίᾳ
1163 3864 1529 3946 (Chrys-ost„
1594 3864 1911 3941 Theodor.‚
1968 3866 2243 3942 Osiand„
2281 3867 2497 3950 Reuss)
2545 3869 2870 3949 colligant.

748 3970 932 4045 Quod
962 3985 1110 4032 cum
1139 3970 1503 4049 accipinon
1542 3979 1778 4050 potest,
1825 3982 1958 4033 tum
2006 3971 2214 4035 solum
2251 3980 2463 4036 tamen
2496 3976 2637 4039 fieri
2674 3986 2877 4058 potest

744 4078 816 4138 in
844 4084 1013 4139 textu
1036 4078 1376 4156 praesenti.
1414 4079 1672 4140 Etenim
1703 4080 1757 4139 si
1786 4078 2238 4143 salutationem
2270 4082 2580 4160 epistulae
2611 4093 2875 4150 nostrae

745 4202 892 4247 cum
924 4184 1409 4247 salutationibus
1441 4186 1731 4247 conferre
1762 4187 1860 4247 vis
1884 4204 2049 4266 quae
2083 4187 2294 4251 simile
2313 4193 2487 4250 κῶλον
2516 4208 2632 4270 per
2655 4191 2745 4252 σύν
2777 4195 2873 4254 in·

743 4300 995 4371 ceptum
1019 4291 1081 4373 (2
1103 4291 1248 4354 Cor.
1265 4341 1277 4367 ,
1296 4293 1351 4366 I,
1380 4293 1431 4367 13
1459 4292 1735 4369 Phil.,1,
1763 4292 1822 4373 1)
1845 4294 2198 4372 continent,
2223 4305 2390 4358 certe
2414 4298 2652 4359 sentias
2678 4301 2873 4362 verba

744 4397 834 4458 σὺν
876 4410 1033 4460 πᾶσιν
1080 4399 1158 4459 ad
1202 4406 1267 4481 τῇ
1313 4400 1567 4483 ἐκκλησίᾳ
1611 4419 1747 4461 esse
1791 4401 1931 4462 sine
1976 4402 2175 4465 dubio
2227 4405 2610 4481 referenda,
2665 4406 2872 4471 invito
