3559 5609
778 879 838 932 η
1656 871 1710 944 1,
1750 881 1948 944 ιτ-ῐιι,
1985 882 2031 932 9.

778 999 1003 1076 25-’26ς
1030 999 1220 1078 Eph.,
1241 1000 1295 1076 Ι,
1332 998 1478 1062 3-14
1505 998 1633 1080 (Cf.
1662 1000 2038 1079 praesertim
2071 999 2098 1060 I
2130 997 2301 1074 Cor.‚
2332 1000 2387 1072 Ι,
2421 996 2503 1061 30·
2526 1016 2674 1061 cum
2708 998 2899 1080 Eph.,

777 1108 833 1182 Ι,
866 1106 952 1186 8).
975 1108 1149 1168 Num
1179 1106 1368 1170 Godet
1392 1106 1554 1183 Col„
1593 1106 1680 1181 ΙΙ,
1711 1106 1769 1182 3,
1798 1107 1994 1169 citare
2025 1108 2240 1188 cupit:
2368 1107 2688 1189 Χριστοῦ,ἐν
2709 1098 2754 1190 ᾧ
2776 1106 2905 1167 εἰσιν

775 1215 966 1283 πάντες
985 1218 1034 1274 οἱ
1050 1214 1297 1296 θησαυροὶ
1312 1220 1405 1289 τῆς
1423 1215 1609 1297 σοφίας
1623 1215 1713 1276 καὶ
1726 1218 1974 1297 γνώσεως
1987 1213 2276 1298 ἀπόκρυφοι
2288 1215 2318 1276 ⁴?
2333 1214 2539 1292 Urget
2560 1222 2773 1276 autem
2795 1211 2906 1275 ille

778 1321 953 1384 locus
978 1319 1183 1383 Godet.
1208 1320 1275 1383 Si
1309 1329 1435 1383 tota
1461 1322 1773 1401 sapientia
1797 1323 1866 1383 in
1890 1321 2149 1384 Christo
2172 1322 2563 1395 continetur,
2583 1320 2638 1381 si
2665 1319 2906 1382 Paulus

778 1428 1132 1491 Corinthiis
1161 1428 1490 1489 Christum
1525 1428 1918 1509 praedicavit
1944 1428 2024 1508 (1,
2057 1428 2270 1502 23-243
2303 1427 2389 1500 11,
2420 1427 2486 1502 23
2519 1427 2643 1502 III,
2679 1427 2900 1502 10-11),

778 1534 1022 1598 Paulus
1074 1553 1225 1614 ergo
1273 1535 1632 1599 Corinthiis
1686 1536 2074 1616 sapientiam
2125 1534 2514 1615 praedicavit
2562 1542 2776 1597 totam.
2835 1533 2905 1596 Si

779 1642 1020 1705 Paulus
1041 1641 1373 1705 Christum
1385 1643 1746 1707 Corinthiis
1760 1643 2149 1723 praedicavit
2163 1642 2488 1721 imprimis
2500 1641 2903 1715 crucifixum,

777 1756 1061 1812 attamen
1104 1749 1436 1812 Christum
1505 1749 1639 1811 illis
1699 1749 2095 1829 praedicavit
2153 1757 2352 1810 totum
2406 1748 2464 1828 (Ι
2486 1797 2500 1823 ,
2562 1747 2666 1828 24)
2711 1767 2724 1809 :
2772 1748 2908 1826 ipse

779 1854 969 1918 Godet
994 1863 1172 1919 notat
1197 1855 1591 1939 ἐσταυρωμένον
1624 1862 1759 1936 post
1781 1854 2010 1939 Χριστόν
2037 1856 2106 1917 in
2138 1855 2205 1916 h.
2234 1874 2296 1915 v.
2327 1870 2457 1915 non
2490 1855 2713 1934 repeti.
2734 1853 2909 1917 Cete-

776 1962 1008 2041 roquiu
1041 1963 1195 2024 finis
1225 1980 1362 2043 cap.
1398 1961 1642 2026 Coloss.
1678 1964 1730 2024 Ι.
1766 1962 1956 2025 Godet
1982 1963 2272 2043 opinioni
2303 1961 2706 2024 contradicit.
2741 1960 2907 2024 Cite-

777 2086 922 2130 mus
956 2068 1145 2131 modo
1180 2071 1372 2133 verba
1412 2091 1472 2133 v,
1513 2070 1589 2132 28
1622 2091 1636 2131 :
1671 2069 1950 2154 (Χριστὸς)
1979 2069 2035 2129 ὃν
2067 2076 2222 2151 ἡμεῖς
2267 2067 2696 2150 καταγγέλλομεν
2728 2072 2903 2128 νουθε-

774 2186 982 2244 τοῦντες
1035 2161 1206 2237 πάντα
1256 2177 1521 2259 ἄνθρωπον
1575 2176 1666 2237 καὶ
1722 2177 2051 2244 διδάσκοντες
2107 2177 2279 2237 πάντα
2336 2176 2603 2258 ἄνθρωπον
2658 2178 2711 2235 ἐν
2761 2174 2907 2253 πάσῃ

777 2283 957 2368 σοφίᾳ,
977 2282 1061 2344 ἵνα
1089 2284 1515 2367 παραστήσωμεν
1536 2285 1707 2345 πάντα
1737 2284 2004 2366 ἄνθρωπον
2030 2283 2227 2345 τέλειον
2255 2286 2308 2343 ἐν
2328 2285 2563 2366 Χριστῷ.
2591 2284 2654 2344 IS
2686 2298 2908 2343 versus

778 2390 1010 2468 agendi
1054 2406 1311 2471 quoque
1354 2391 1734 2453 contradicit
1778 2392 2051 2470 rationi,
2084 2408 2278 2470 quam
2320 2406 2543 2451 versus
2573 2389 2804 2462 111,1,
2843 2396 2910 2449 ut

778 2495 1298 2575 explicari‘solet‚
1329 2498 1527 2561 Paulo
1559 2497 1778 2559 tribuit
1805 2517 1818 2558 t
1847 2498 2088 2559 Paulus
2118 2496 2501 2572 CorinthiiS‚
2527 2497 2678 2574 quia
2706 2495 2903 2569 νήπιοι,

779 2602 988 2665 solum
1044 2604 1324 2684 primam
1383 2622 1456 2666 ac
1515 2604 1876 2682 simplicem
1937 2605 2416 2665 institutionem
2464 2602 2764 2664 dedisset.
2822 2603 2907 2662 At

779 2709 957 2772 locus
987 2712 1054 2771 in
1087 2710 1335 2773 ColoSS.
1355 2711 1595 2772 indicat
1621 2731 1655 2771 a
1683 2711 1885 2773 Paulo
1913 2720 2104 2774 totam
2128 2711 2494 2793 sapientiam
2521 2708 2640 2778 τοὺς
2667 2710 2901 2784 νηπίους,

779 2817 932 2895 quia
959 2817 1133 2890 νήπιοι
1163 2826 1344 2894 Sunt,
1378 2818 1628 2894 doceri,
1665 2828 1730 2879 ut
1757 2819 1950 2880 τέλειοι
1982 2818 2171 2880 fiant!

862 2922 1052 2985 Godet
1077 2924 1309 2985 fatetur
1339 2925 1510 2987 inter
1542 2924 1751 2987 locum
1785 2926 1857 2985 in
1894 2926 1923 2987 Ι
1954 2926 2097 2988 Cor.
2131 2927 2442 3003 agitatum
2488 2935 2549 2986 et
2581 2923 2778 2990 Hebr.
2817 2924 2904 2997 V,

784 3033 855 3092 12
886 3050 982 3111 sq.
1017 3032 1339 3112 quoddam
1372 3033 1685 3095 interesse
1716 3034 2093 3096 discrimen.
2127 3033 2199 3095 Si
2229 3048 2639 3094 communem
2672 3030 2904 3092 horum

779 3157 840 3198 v,
893 3137 1490 3217 interpretationem
1552 3141 1986 3219 acciperemus
2036 3156 2109 3199 ac
2160 3138 2319 3199 duas
2373 3138 2465 3200 ibi
2505 3138 2908 3201 Christianas

778 3244 1220 3306 institutiones
1265 3246 1666 3322 videremuS,
1703 3256 2071 3307 notaremus
2115 3246 2399 3325 primum
2445 3244 2782 3326 epistulam
2828 3245 2906 3307 ad

782 3351 1008 3426 Hebr.,
1055 3369 1205 3412 cum
1251 3370 1285 3412 a
1333 3351 1535 3413 Paulo
1579 3351 1716 3431 ipso
1765 3352 2002 3432 scripta
2049 3369 2176 3414 non
2230 3352 2344 3427 sit,
2391 3351 2472 3413 ad
2523 3352 2907 3413 sententiam

781 3459 921 3538 ejus
955 3458 1391 3520 definiendam
1421 3458 1716 3537 prodesse
1748 3475 1877 3519 non
1912 3476 2114 3536 posse.
2151 3460 2518 3532 Praeterea,
2550 3458 2606 3519 si
2646 3459 2911 3537 scriptor

781 3565 963 3644 epist.
1012 3565 1091 3627 ad
1136 3566 1335 3627 Hebr.
1379 3567 1506 3628 duo
1548 3566 2031 3629 institutionum
2079 3585 2316 3645 genera
2363 3568 2715 3641 discernat,
2751 3567 2911 3627 haec

781 3671 908 3733 duo
958 3689 1197 3749 genera
1245 3674 1436 3735 ambo
1487 3674 1567 3735 ad
1620 3673 1947 3735 Christum
2006 3674 2349 3753 pertinent.
2406 3674 2643 3735 Paulus
2693 3680 2905 3735 autem

781 3777 1111 3839 Christum
1141 3777 1497 3840 Corinthiis
1529 3780 1948 3857 praedicavit,
1981 3780 2310 3842 Christum
2344 3779 2530 3842 illum
2562 3780 2672 3860 qui
2709 3781 2909 3841 factus

783 3891 876 3944 est
918 3884 1104 3946 nobis
1150 3886 1451 3965 sapientia
1490 3905 1526 3947 a
1565 3887 1698 3949 Deo
1739 3896 1799 3948 et
1840 3888 2098 3969 justitia
2137 3897 2199 3949 et
2242 3888 2659 3950 sanctificatio
2704 3896 2766 3948 et
2809 3906 2909 3947 re-

781 3990 1063 4070 demptio
1110 3991 1200 4071 (1,
1249 3992 1374 4070 30).
1422 3994 1507 4053 Ex
1562 4010 1688 4072 quo
1738 3995 2017 4073 profecto
2071 4011 2198 4056 non
2250 3994 2590 4055 conficitur
2635 3969 2908 4056 Paulum

782 4097 1137 4160 Corinthiis
1167 4116 1422 4178 quoque
1460 4101 1869 4178 posteriorem
1920 4102 2281 4163 doctrinam
2320 4102 2648 4180 aperuisse
2687 4101 2905 4163 elatio-

783 4221 917 4264 rem
956 4202 1033 4265 de
1070 4222 1197 4283 qua
1235 4205 1419 4284 epist.
1455 4206 1533 4266 ad
1567 4207 1764 4267 Hebr.
1804 4208 2120 4285 loquitur,
2157 4208 2268 4269 sed
2308 4209 2651 4270 conficitur
2698 4216 2908 4268 tamen

781 4310 1175 4372 contrarium
1207 4329 1334 4373 non
1361 4315 1637 4392 probari.
1665 4313 1934 4375 Accedit
1956 4313 2117 4375 illud
2134 4315 2302 4393 quod
2322 4316 2589 4395 scriptor
2618 4314 2804 4394 epist.
2830 4312 2912 4373 ad

785 4417 983 4479 Hebr.
1022 4435 1340 4501 nusquam
1368 4419 1525 4483 dicit
1553 4439 1625 4483 ex
1658 4421 1763 4484 his
1800 4421 2313 4502 institutionibus
2351 4440 2546 4484 unam
2577 4420 2912 4503 sapientiae
