3559 5609
773 827 858 876 118
1679 825 1753 874 XI
1773 864 1788 886 ,
1825 823 1995 874 16-34.

763 961 959 1025 quam
992 943 1150 1006 alibi
1182 942 1500 1022 reperitur
1531 941 1733 1023 ivam.
1765 941 1846 1002 In
1876 942 2043 1014 Jac„
2076 941 2170 1017 II,
2207 940 2279 1002 10
2314 948 2377 1002 et
2404 941 2473 1002 in
2509 940 2896 1020 quibusdam

765 1068 913 1132 syn.
946 1049 1131 1124 locis,
1168 1048 1270 1111 illi
1295 1058 1390 1111 est
1409 1050 1553 1111 sine
1584 1048 1784 1111 dubio
1812 1047 2203 1126 significatio
2236 1048 2489 1110 noxius.
2526 1048 2651 1109 Hic
2679 1055 2898 1110 autem

763 1156 864 1219 illi
886 1157 1185 1220 eumdem
1209 1174 1474 1219 sensum
1504 1156 1659 1218 dare
1700 1155 1924 1217 malim
1949 1164 2145 1236 atque
2172 1155 2245 1216 in
2270 1156 2499 1232 Hebr.,
2518 1155 2607 1230 II,
2633 1156 2706 1217 15
2738 1163 2800 1217 et
2826 1156 2898 1217 in

763 1264 925 1345 prol.
967 1264 1204 1327 EccleS.
1236 1264 1329 1346 (1)
1360 1291 1442 1317 =
1469 1270 1498 1325 ὁ
1530 1261 1843 1345 ἓνεχόμενός
1873 1287 1998 1338 τινι,
2031 1264 2147 1342 qui
2178 1270 2430 1324 tenetur
2457 1261 2676 1342 aliqua
2700 1281 2793 1338 re,
2829 1271 2903 1325 ut

699 1391 711 1403 ·
763 1379 1041 1451 nequeat
1070 1372 1384 1450 effugere,
1416 1371 1792 1446 devincta,
1824 1369 2167 1431 adstrictus
2188 1420 2202 1447 ‚
2236 1369 2602 1445 obstrictae,
2631 1386 2688 1431 c.
2722 1387 2900 1447 gen.-

763 1479 860 1541 rei
883 1497 1010 1559 qua
1041 1477 1280 1558 aliquis
1311 1478 1701 1541 devincitur.
1731 1478 1881 1540 Non
1908 1484 2003 1539 est
2030 1493 2146 1538 cur
2177 1476 2436 1538 mireris
2466 1475 2749 1538 Paulum
2778 1477 2902 1539 isto

761 1586 952 1648 modo
997 1586 1118 1648 hoc
1164 1585 1548 1649 vocabulum
1600 1584 2034 1666 usurpavisse.
2083 1583 2339 1645 Etenim
2385 1584 2609 1646 omnia
2656 1584 2900 1645 scimus

763 1710 932 1773 quae
960 1693 1040 1755 de
1063 1693 1299 1755 intima
1324 1691 1620 1755 fidelium
1645 1709 1796 1755 cum
1825 1691 2082 1753 Christo
2105 1690 2594 1768 communione,
2622 1708 2903 1771 praeser-

766 1799 881 1859 tim
920 1797 994 1858 in
1030 1796 1247 1860 Coena
1274 1796 1380 1879 (cf.
1416 1799 1581 1875 XII,
1633 1797 1703 1858 12
1735 1795 1888 1877 sq.),
1922 1796 2104 1858 dixit.
2139 1796 2524 1877 Conjunctio
2552 1795 2615 1857 ἂν
2645 1795 2805 1866 ἀξίως
2831 1797 2901 1856 in

766 1903 993 1974 ἀναξίως
1024 1923 1058 1967 e
1090 1923 1285 1985 prava
1314 1925 1377 1968 v,
1411 1906 1591 1986 ἔνοχος
1620 1904 2152 1984 interpretatione
2172 1913 2322 1966 nata
2352 1912 2469 1965 est.
2507 1904 2649 1967 Tali
2678 1920 2902 1966 emen-

769 2011 1027 2074 datione
1063 2013 1293 2093 accipit
1331 2013 1594 2075 tandem
1646 2012 1816 2081 οὔτως
1862 2013 2038 2074 haud
2082 2012 2452 2090 ambiguam
2490 2011 2905 2100 significatio-

774 2135 924 2181 nem
961 2119 1066 2202 (=
1097 2118 1291 2201 ἀξίως)
1319 2138 1392 2183 ac
1426 2120 1621 2183 verba
1649 2118 1714 2180 ἂν
1742 2119 1903 2191 ἀξίως
1937 2119 2150 2181 verbis
2181 2118 2262 2200 μὴ
2289 2120 2562 2203 διακρίνων
2583 2139 2644 2182 v,
2674 2121 2750 2182 29
2775 2138 2906 2182 res-

773 2225 1079 2304 pondent.

857 2332 927 2396 Si
955 2336 1502 2398 constructionem
1528 2333 1593 2395 ἂν
1620 2334 1780 2406 ἀξίως
1819 2336 1929 2418 (sc.
1968 2336 2114 2417 ἐσθίῃ
2145 2334 2180 2408 ἢ
2210 2336 2353 2418 πίνῃ)
2385 2352 2716 2416 operosa-m
2746 2336 2906 2398 exis-

781 2441 967 2504 times
990 2489 1005 2518 ,
1046 2442 1287 2522 possis,
1334 2443 1533 2504 variis
1574 2443 1960 2506 lectionibus
1990 2444 2336 2523 perspectis
2357 2492 2370 2518 ,
2405 2443 2741 2534 meliorem
2773 2452 2907 2506 tex-

782 2555 951 2625 tum,
985 2567 1180 2612 sensu
1217 2567 1349 2612 non
1393 2559 1672 2641 mutato,
1707 2551 2066 2615 restituere.
2099 2552 2173 2612 In
2205 2572 2268 2614 v.
2317 2550 2393 2612 26
2435 2552 2607 2613 inter
2634 2552 2909 2631 optimos
2976 2626 2983 2629 .

780 2655 1052 2731 OOdiGeS,
1086 2656 1160 2717 hi
1195 2656 1319 2739 ἄχρι
1349 2649 1407 2717 οὗ
1445 2657 1603 2739 ἔλθῃ,
1634 2658 1732 2719 illi
1760 2657 1924 2738 (ΕΚ
1944 2659 1994 2720 L
2016 2657 2096 2739 P)
2123 2658 2245 2739 ἄχρι
2274 2650 2332 2718 οὗ
2368 2657 2431 2717 ἂν
2459 2657 2583 2740 ἔλθῃ
2617 2659 2911 2721 scribunt

779 2762 1018 2844 (varias
1049 2765 1355 2828 lectiones
1387 2766 1539 2849 ἄχρις
1568 2775 1630 2829 et
1662 2766 1787 2849 ἄχρι
1821 2767 2207 2846 negligimus
2239 2785 2402 2845 quae
2430 2767 2540 2828 hic
2570 2767 2753 2830 nobis
2782 2767 2909 2828 mi-

780 2871 948 2934 nimi
982 2880 1133 2935 sunt
1162 2873 1524 2955 momenti).
1557 2875 1636 2936 In
1668 2895 1728 2938 v.
1762 2875 1862 2949 29,
1897 2875 1954 2935 D
1979 2875 2029 2936 E
2052 2875 2177 2936 FG
2201 2876 2265 2936 K
2291 2877 2341 2936 L
2362 2876 2415 2935 P
2448 2883 2587 2954 post
2621 2874 2785 2934 πίνων
2816 2874 2910 2935 le-

780 2987 941 3057 gunt
965 2979 1189 3052 ἀναξίως
1219 2983 1389 3061 quod
1421 2994 1470 3050 a
1491 2983 1547 3043 A
1571 2984 1626 3044 B
1647 2983 1697 3046 C
1727 2985 2056 3045 omittunt.
2087 2982 2505 3046 Manifestum
2529 2991 2624 3043 est
2646 2980 2909 3043 illarum

779 3089 1106 3150 variarum
1166 3088 1518 3153 lectionum
1573 3107 1832 3152 causam
1891 3108 2029 3151 esse
2094 3074 2441 3167 pasticulae
2490 3089 2555 3148 ἄν
2612 3088 2907 3151 omissio-

781 3212 928 3256 nem
964 3194 1056 3276 (2)
1093 3206 1157 3257 et
1184 3197 1471 3259 adverbii
1503 3197 1684 3268 ἀξίως.
1723 3196 1842 3258 llla
1883 3197 2109 3270 verba,
2142 3198 2209 3257 in
2243 3197 2536 3274 margine
2567 3195 2906 3275 adscripta,

780 3311 1116 3380 perperam
1148 3303 1387 3367 deinde
1417 3306 1486 3366 in
1525 3313 1764 3389 textum
1800 3324 1838 3367 a
1867 3306 2095 3367 scribis
2124 3307 2366 3369 inserta
2395 3305 2674 3366 fuerunt.
2721 3303 2910 3366 Pauli

842 3577 912 3641 (1)
943 3578 1010 3627 V.
1051 3578 1247 3644 Ἔνοχοι
1276 3581 1336 3629 in
1359 3594 1473 3631 uno
1499 3581 1713 3645 prologi
1742 3583 1867 3632 loco
1886 3583 2106 3646 legitur,
2138 3584 2196 3632 in
2218 3598 2328 3647 quo
2357 3596 2470 3636 vox
2490 3585 2691 3649 μέτοχοι
2714 3584 2912 3633 melius

782 3681 1086 3731 congruere
1119 3668 1422 3730 videretur,
1466 3685 1629 3733 quam
1659 3672 1884 3734 quidem
1921 3672 2174 3721 nonnulli
2214 3673 2546 3736 interpretes
2579 3673 2763 3736 legere
2793 3673 2910 3723 vel·

778 3758 911 3807 lent.
945 3758 1016 3808 At
1045 3759 1137 3808 illa
1166 3761 1399 3810 mutatio
1428 3774 1543 3809 non
1571 3762 1745 3825 magis
1786 3762 1844 3810 in
1883 3762 2030 3814 Prol.
2062 3777 2226 3825 quam
2255 3763 2314 3811 in
2347 3763 2366 3812 1
2402 3762 2550 3826 Cor.,
2587 3763 2691 3823 XI,
2723 3764 2785 3814 27
2811 3777 2911 3812 ne-

782 3849 1023 3897 cessaria
1052 3853 1152 3898 est.
1182 3848 1292 3898 Sed
1325 3851 1649 3914 plerumque
1679 3852 1968 3915 negligunt
1998 3852 2328 3914 interpretes
2360 3853 2657 3915 genuinam
2674 3868 2727 3904 v.
2750 3854 2915 3917 ἔνοχοι

781 3937 840 3985 in
868 3937 1074 3988 EccleS.
1107 3939 1585 4002 significationem.
1617 3942 1770 3991 Avus
1801 3941 2149 3990 translatoris
2180 3954 2293 3990 non
2325 3943 2445 3991 vult
2479 3943 2911 4004 tantumlegen-

787 4031 869 4074 tes
909 4026 1113 4075 librum
1153 4029 1338 4091 legere
1383 4029 1504 4093 (das
1549 4033 1743 4091 eifriye
1789 4033 2082 4079 Studiren.
2124 4057 2186 4066 —
2230 4011 2557 4092 Fritzsche)‚
2590 4031 2688 4080 sed
2719 4032 2911 4091 etiam,

783 4116 927 4165 sicut
950 4118 1106 4178 jussa
1134 4118 1293 4181 legiS,
1322 4120 1618 4168 observare
1649 4122 1963 4181 praecepta.
1991 4118 2074 4169 Cf.
2104 4125 2444 4170 contextum.

844 4203 908 4267 (2)
940 4205 996 4254 ἄν
1033 4206 1191 4256 facile
1226 4212 1352 4270 post
1386 4208 1501 4272 ἄχρι
1530 4208 1587 4258 οὗ
1630 4207 1812 4257 omitti
1842 4211 2060 4270 poterat
2089 4208 2171 4272 (αν
2203 4227 2264 4251 =
2294 4226 2352 4259 ου
2389 4236 2451 4245 -
2490 4207 2657 4272 Bast).
2698 4209 2760 4257 In
2792 4207 2909 4270 XV,

783 4293 861 4351 25,
894 4293 1015 4343 cod.
1047 4296 1211 4344 modo
1252 4297 1365 4361 ἄχρι
1393 4297 1449 4346 οὗ
1489 4298 1546 4345 ἂν
1586 4298 1640 4359 θῇ
1681 4294 1876 4358 (KL),
1913 4297 2077 4346 modo
2124 4300 2239 4362 ἄχρι
2270 4296 2327 4348 οὗ
2357 4300 2412 4363 θῇ
2444 4297 2518 4360 (8
2545 4296 2906 4358 ABDFGP)

785 4384 991 4447 legunt.
