3559 5609
837 880 927 931 106
1415 888 1418 891 ’
1808 880 1883 931 XI
1899 917 1912 941 ,
1947 881 1995 932 2.

835 1016 1183 1078 possumne
1237 1015 1349 1060 vos
1400 996 1662 1060 laudare
1714 997 1887 1077 quod
1937 1014 2401 1077 usquequaque
2458 997 2588 1058 mei
2622 1013 2968 1059 ·memores

838 1106 1031 1166 estis?
1078 1130 1105 1160 »
1144 1103 1293 1167 Noli
1335 1112 1582 1166 vertere
1615 1125 1629 1167 ε
1692 1129 1720 1160 ι
1759 1105 1892 1166 Mei
1931 1121 2249 1166 memores
2301 1104 2488 1178 estiS,
2540 1102 2810 1165 vobisne
2848 1102 2969 1164 hoc

836 1211 1015 1274 laudi
1043 1213 1249 1275 dabo?
1279 1235 1309 1268 »
1339 1211 1463 1274 Sed
1504 1231 1517 1272 ε
1562 1237 1587 1266 ι
1619 1213 1797 1274 Num
1830 1213 1957 1274 mei
1993 1211 2084 1273 ita
2124 1227 2444 1272 memores
2474 1211 2650 1284 estiS‚
2692 1219 2761 1271 ut
2789 1209 2969 1271 vobis

841 1319 959 1381 hoo
983 1319 1157 1382 laudi
1187 1318 1341 1381 dare
1374 1319 1660 1399 possim?
1691 1320 1865 1380 Num
1901 1320 2058 1380 mihi
2087 1336 2346 1381 causam
2378 1316 2692 1397 praebetis
2735 1318 2814 1377 ad
2859 1335 2970 1378 vos

837 1428 1194 1490 laudandos
1242 1429 1413 1508 quod
1460 1446 1925 1508 usquequaque
1968 1428 2097 1489 mei
2143 1443 2461 1488 memores
2508 1425 2701 1487 estis?
2740 1449 2767 1480 n
2822 1425 2969 1487 Non

838 1535 1047 1598 multo
1076 1544 1227 1597 ante
1255 1534 1499 1597 Paulus
1529 1535 1691 1596 dixit
1722 1532 2128 1596 :imitatores
2159 1535 2289 1596 mei
2320 1541 2537 1596 estote.
2577 1534 2777 1608 Quin,
2813 1551 2971 1593 num

852 1644 1011 1704 forte
1033 1645 1167 1722 jam
1206 1642 1378 1703 vales
1410 1650 1595 1718 sunt,
1646 1642 1868 1722 quales
1918 1641 2159 1704 Paulus
2208 1641 2356 1704 illos
2405 1659 2542 1704 esse
2580 1639 2760 1702 vult?
2796 1640 2973 1701 Num

839 1749 1050 1811 laudis
1092 1752 1230 1829 jam
1280 1750 1456 1812 locus
1500 1751 1641 1811 est?
1680 1750 1950 1811 Minime
1991 1750 2288 1829 quidem!
2328 1748 2500 1810 Scite
2550 1758 2842 1812 tamen...
2893 1779 2974 1794 -

840 1858 892 1918 Ε
925 1877 985 1918 v.
1037 1857 1072 1920 3
1105 1875 1235 1919 non
1268 1857 1570 1931 efficitur,
1620 1865 1691 1918 ut
1732 1856 2019 1935 legentes
2049 1862 2238 1918 antea
2268 1857 2333 1918 id
2371 1857 2700 1918 nescirent
2742 1854 2821 1916 de
2849 1871 2975 1934 quo

841 1964 1086 2026 Paulus
1120 1966 1391 2026 verbum
1424 1965 1607 2040 facit,
1651 1982 1781 2027 non
1833 1982 2017 2027 secus
2060 1983 2133 2026 ao
2184 1965 2376 2026 verba
2416 1965 2478 2024 οὐ
2520 1963 2655 2024 θέλω
2692 1962 2791 2045 γὰρ
2838 1966 2976 2043 ὑμᾶς

840 2071 1043 2152 ἀγνοεῖν
1072 2074 1140 2133 in
1177 2073 1270 2146 X,
1313 2073 1336 2132 1
1379 2090 1510 2134 non
1542 2073 1990 2136 demonstrant
2016 2073 2389 2136 Corinthios
2424 2072 2752 2133 neminem
2788 2070 2975 2132 audi-

842 2180 1008 2241 visse
1038 2179 1284 2240 exitum
1320 2180 1400 2240 de
1431 2183 1730 2259 Aegypto
1763 2189 2255 2242 memorantem.
2294 2180 2447 2241 Veri
2477 2178 2694 2240 simile
2723 2178 2978 2240 videtur

842 2287 1121 2349 Paulum
1152 2288 1403 2350 dedisse
1431 2288 1602 2349 πάντα
1629 2313 1731 2367 μου
1757 2269 2023 2368 μιμεῖσθε.
2059 2287 2313 2368 Optime
2341 2288 2514 2348 πάντα
2545 2311 2646 2367 μου
2668 2287 2976 2365 interpre-

846 2402 1009 2455 tatus
1040 2402 1135 2455 est
1168 2393 1450 2457 Ritckert.
1487 2394 1713 2456 Scriba
1743 2396 2007 2474 quidam
2048 2395 2407 2456 sententiae
2439 2396 2649 2474 Meyer
2693 2399 2752 2454 et
2792 2390 2980 2454 Godet

837 2504 972 2582 jam
1007 2502 1408 2582 approbator,
1447 2503 1561 2581 qui
1601 2502 1759 2562 haec
1797 2503 1993 2564 verba
2031 2502 2207 2563 πάντα
2251 2525 2353 2581 μου
2397 2502 2487 2563 sio
2523 2500 2832 2580 explicata
2855 2500 2975 2561 du-

844 2609 1102 2669 rissima
1135 2608 1523 2683 inveniunt,
1571 2610 1637 2669 in
1677 2626 1960 2671 errorem
2003 2618 2221 2688 raptus
2270 2618 2364 2670 est
2396 2608 2679 2687 genitivo
2708 2632 2832 2687 μου,
2865 2607 2975 2686 qui

843 2714 1102 2792 legendi
1136 2715 1404 2794 μέμνησθε
1433 2716 1700 2777 initium
1755 2715 1855 2777 illi
1901 2717 2136 2780 attulit.
2171 2720 2435 2796 Μιμεῖσθε
2465 2724 2678 2776 autem
2722 2715 2976 2792 legenS,

844 2824 1013 2882 inter
1044 2842 1104 2885 v.
1150 2822 1172 2881 1
1222 2830 1284 2883 et
1315 2823 1349 2881 2
1392 2821 1732 2883 vinculum
1769 2823 2011 2884 arctius
2045 2823 2433 2902 adstringes,
2470 2822 2652 2897 Quod
2688 2822 2767 2883 ad
2808 2821 2978 2882 πάντα

845 2953 948 3009 μου
978 2929 1228 3003 attinet,
1267 2930 1487 2991 confer
1519 2929 1691 2990 πάντα
1721 2934 1872 3010 ὑμῶν
1914 2931 1981 2991 in
2015 2930 2205 3007 XVI,
2244 2931 2337 2991 14.

1764 3148 1864 3208 XI
1891 3196 1904 3222 ‚
1959 3148 2051 3208 10.

926 3359 1185 3435 Optime
1233 3362 1695 3423 animadvertit
1731 3361 1920 3424 Godet
1961 3380 2154 3442 quam
2195 3360 2641 3424 difficultatem
2674 3361 2867 3422 verba
2894 3359 2980 3419 διὰ

846 3464 964 3533 τοὺς
986 3464 1236 3547 ἀγγέλους
1260 3469 1628 3547 praebeant.
1655 3492 1683 3524 «
1713 3470 1922 3531 Est-ce
1941 3470 2004 3531 la
2028 3488 2115 3531 un
2135 3469 2367 3532 second
2385 3469 2606 3531 motis?
2636 3466 2684 3528 ll
2709 3466 2978 3542 devrait‚

848 3572 1009 3635 dans
1039 3591 1110 3634 ce
1134 3592 1261 3649 caS‚
1294 3574 1425 3636 etre
1456 3574 1651 3639 lievau
1685 3577 2028 3654 precedent
2055 3576 2249 3656 (celui
2275 3594 2400 3655 que
2433 3573 2743 3655 rappelait
2766 3574 2826 3635 le
2851 3582 2986 3635 mot

847 3680 931 3741 διὰ
960 3680 1141 3759 τοῦτο)
1170 3700 1285 3761 par
1330 3700 1457 3744 une
1499 3682 1811 3761 particule
1857 3682 2004 3744 telle
2046 3701 2212 3762 que:
2249 3688 2336 3757 ec,
2373 3689 2431 3744 et
2457 3683 2665 3757 aussi,
2698 3698 2780 3743 ou
2813 3687 2870 3741 et
2907 3697 2981 3741 en

847 3795 1040 3850 outre.
1079 3789 1333 3864 Est-ce,
1383 3807 1463 3850 au
1502 3791 1856 3865 contraire,
1911 3789 1967 3852 le
2017 3789 2225 3850 meme
2266 3789 2453 3851 motif
2491 3793 2784 3868 presente
2835 3804 2983 3850 sous

848 3912 977 3955 une
1008 3903 1187 3956 autre
1219 3896 1463 3958 forme?
1492 3898 1678 3973 MaiS,
1712 3898 1875 3958 dans
1903 3914 1975 3958 oe
2007 3914 2134 3972 oaS,
2168 3914 2253 3958 on
2283 3915 2366 3959 ne
2392 3896 2747 3975 ‚compi-end
2780 3912 2890 3975 pas
2921 3894 2983 3955 la

848 3999 1120 4064 relation
1154 4011 1334 4064 entre
1370 4004 1481 4065 des
1513 4006 1734 4067 modes
1777 4004 2209 4083 d'expression
2258 4005 2431 4067 aussi
2462 4003 2794 4066 differents
2827 4019 2983 4084 pour

850 4108 1172 4188 exprimer
1200 4110 1261 4171 la
1299 4110 1509 4172 meme
1544 4111 1714 4173 idee.
1763 4136 1791 4167 22
1838 4111 2189 4191 Postquam
2222 4110 2371 4173 talia
2410 4111 2594 4172 fateri
2623 4126 2756 4172 non
2789 4109 2981 4171 dubi-

853 4220 1078 4280 taverit
1100 4267 1113 4292 ,
1174 4222 1446 4281 mirarer
1505 4222 1561 4281 si
1593 4219 1781 4282 Godet
1838 4218 1969 4298 ipsi
2022 4237 2139 4280 sua
2187 4218 2629 4297 interpretatio
2682 4216 2979 4298 placeret.

855 4325 1112 4386 Etenim
1145 4326 1214 4385 in
1251 4347 1309 4386 v.
1345 4326 1429 4386 διὰ
1460 4325 1579 4394 τοὺς
1610 4325 1862 4406 ἀγγέλους
1893 4326 2158 4386 alt-eram
2197 4342 2455 4386 causam
2488 4323 2688 4403 ponit.
2724 4323 2982 4383 Praete-

852 4451 960 4493 rea
987 4478 1005 4509 ‚
1039 4433 1092 4494 si
1123 4451 1348 4495 omnes
1381 4432 1530 4494 illae
1562 4432 1917 4494 sententiae
1940 4478 1957 4507 ,
2002 4432 2276 4494 eximiae
2322 4430 2676 4506 nimirum,
2723 4446 2882 4511 quos
2923 4428 2985 4490 ei
