3559 5609
1551 808 1655 869 XI,
1695 807 1862 859 16-34.
2684 803 2766 854 111

635 934 767 990 tam
798 928 942 989 fuse
972 926 1040 988 in
1072 927 1384 1006 epistulae
1413 928 1603 991 initio
1632 927 1711 990 de
1746 928 1934 990 sectis
1964 927 2204 1000 locuto,
2243 942 2423 988 nunc
2454 924 2655 987 libere
2695 924 2774 986 de

639 1034 744 1095 his
764 1034 970 1096 obiter
998 1032 1227 1114 loqui?
1263 1034 1561 1114 Denique
1587 1034 1891 1097 stolidum
1923 1035 2083 1096 soret
2106 1032 2299 1095 illum
2333 1041 2665 1113 postquam
2695 1032 2774 1094 de

640 1139 854 1214 sectiS,
890 1148 959 1201 ut
999 1140 1068 1200 in
1103 1141 1332 1218 primis
1366 1160 1534 1221 cap.,
1572 1141 1825 1204 locutus
1859 1142 2013 1216 fuit,
2047 1159 2222 1204 nunc
2251 1141 2319 1202 in
2347 1158 2482 1220 cap.
2521 1140 2619 1202 XI
2654 1140 2776 1203 Co-

638 1245 921 1309 rinthios
955 1248 1046 1308 ita
1074 1247 1457 1327 compellare
1490 1267 1503 1309 :
1546 1272 1574 1304 α
1611 1247 1812 1310 Audio
1856 1248 2072 1329 (quasi
2112 1248 2454 1328 nesciretl)
2498 1248 2776 1328 partium

640 1352 875 1415 studiis
905 1371 1019 1417 vos
1049 1353 1290 1417 divisos
1318 1372 1532 1419 esse...
1580 1379 1609 1411 n
1642 1363 1834 1435 atque
1864 1354 2162 1418 stolidius
2192 1357 2386 1417 etiam
2414 1354 2576 1416 foret
2607 1353 2779 1434 quod

640 1461 821 1523 addit
852 1481 867 1524 z
900 1486 929 1518 α
963 1464 1072 1524 Εω
1096 1469 1272 1543 parte
1299 1461 1524 1525 credo!
1555 1486 1585 1519 »
1616 1461 1726 1544 (1).

722 1568 873 1649 Cap.
915 1569 1071 1647 XII,
1105 1569 1181 1629 25
1211 1570 1548 1631 manifeste
1578 1570 1978 1633 demonstrat
1997 1574 2229 1633 'vocem
2260 1569 2536 1652 σχίσματα
2567 1570 2775 1631 neuti-

642 1692 838 1756 quam
888 1675 1253 1738 necessario
1304 1683 1502 1739 sectas
1549 1676 1913 1753 designare.
1971 1675 2160 1739 Godet
2204 1677 2439 1739 fatetur
2488 1675 2578 1758 (p.
2641 1675 2779 1757 188)

641 1782 877 1845 frustra
919 1783 1262 1846 tentavisse
1300 1785 1497 1859 Baur,
1538 1794 1683 1861 etc„
1723 1802 1860 1865 cap.
1917 1784 2244 1847 XII-XIV
2281 1784 2361 1846 ad
2412 1784 2624 1845 varias
2653 1783 2778 1857 Co-

642 1890 851 1952 rinthi
891 1897 1092 1954 sectas
1140 1891 1402 1954 referre.
1459 1892 1663 1968 Igitur
1706 1891 1773 1952 τὰ
1819 1891 2095 1974 σχίσματα
2140 1912 2198 1954 v.
2244 1892 2418 1967 XII,
2468 1892 2544 1953 25
2587 1897 2782 1954 sectae

647 2015 774 2060 non
818 2007 969 2059 sunt
1021 2023 1032 2058 :
1095 2016 1251 2074 cur,
1305 1998 1532 2075 sodeS,
1577 1998 1644 2059 τὰ
1698 1999 1975 2081 σχίσματα
2025 2019 2085 2064 v,
2142 1999 2279 2077 XI,
2333 1999 2405 2060 18
2443 2007 2637 2062 sectae
2679 2017 2780 2060 es-

645 2106 833 2167 sent?
878 2103 1068 2169 Godet
1100 2106 1327 2186 (fateor
1379 2106 1587 2187 enim)
1624 2107 1696 2167 in
1730 2106 1897 2183 XII,
1948 2108 2024 2168 25
2072 2106 2421 2170 lectionem
2456 2120 2507 2177 ιι
2549 2105 2786 2168 refellit

647 2229 843 2291 quam
876 2210 1184 2275 Gebhard!
1214 2222 1470 2275 secutus
1499 2221 1619 2291 est,
1649 2231 1723 2274 ac
1755 2212 2100 2277 lectionem
2126 2213 2333 2295 σχίσμα
2367 2212 2632 2275 mavult.
2657 2211 2780 2275 Sed

647 2319 717 2381 in
757 2321 1318 2398 argumentatione
1359 2339 1399 2381 a
1438 2321 1682 2401 priori,
1737 2329 1807 2381 ut
1855 2320 2116 2396 dicunt,
2173 2321 2402 2382 nititur
2438 2318 2552 2381 ille
2586 2335 2805 2398 quam-

648 2444 785 2488 esse
822 2425 1051 2488 falsam
1096 2435 1306 2489 textus
1354 2428 1772 2491 demonstrat.
1824 2425 2014 2491 Godet
2054 2428 2375 2490 existimat
2418 2427 2585 2507 plur.
2622 2425 2784 2509 σχίσ-

646 2558 791 2614 ματα
820 2534 901 2596 ad
932 2543 1133 2597 sectas
1168 2535 1357 2598 modo
1397 2537 1620 2598 referri
1652 2552 1872 2616 posse3
1924 2554 2074 2599 cum
2112 2542 2329 2599 autem
2372 2535 2450 2597 de
2480 2535 2670 2598 sectis
2714 2535 2788 2595 in

650 2640 770 2705 hoc
798 2659 936 2721 cap.
972 2642 1079 2721 agi
1109 2659 1240 2705 non
1277 2660 1461 2722 posse
1503 2643 1737 2706 merito
1773 2642 2092 2720 declaret,
2129 2642 2368 2720 singul.
2416 2642 2618 2721 eligit.
2662 2640 2789 2703 Sed

651 2749 822 2811 nihil
851 2749 1249 2813 demonstrat
1278 2771 1339 2813 v.
1374 2750 1542 2830 plur.
1577 2750 1856 2832 σχίσματα
1887 2751 2250 2814 necessario
2278 2750 2358 2811 ad
2393 2756 2593 2811 sectas
2623 2749 2788 2810 refe-

650 2857 971 2933 rendum,
1015 2874 1090 2919 ac
1136 2857 1324 2920 Godet
1378 2858 1635 2919 nullum
1682 2867 2143 2935 argumentum
2189 2858 2451 2937 profert,
2507 2865 2579 2919 ut
2620 2856 2789 2918 hanc

652 2965 1041 3028 sententiam
1066 3013 1080 3041 ,
1110 2983 1278 3045 quae
1311 2965 1739 3027 demonstrari
1791 2965 2058 3044 nequit,
2101 2964 2518 3026 demonstret.
2560 2964 2641 3025 In
2684 2980 2791 3025 ca-

650 3073 763 3152 pit.
818 3071 949 3134 XII
995 3071 1426 3134 similitudine
1477 3072 1629 3133 Sunt
1676 3071 1883 3133 multa
1929 3070 2205 3153 σχίσματα
2252 3071 2340 3151 (v.
2401 3071 2469 3131 15
2511 3091 2526 3132 ε
2566 3069 2695 3137 πούς
2731 3077 2793 3131 et

649 3178 789 3261 χείρ,
828 3198 886 3239 V.
932 3180 1051 3241 16:
1092 3171 1181 3247 ους
1211 3188 1273 3241 et
1302 3176 1602 3261 ὀφθαλμός,
1639 3197 1697 3238 v.
1739 3180 1864 3240 21.
1899 3177 2168 3261 ὀφθαλμός
2213 3187 2274 3241 el.
2306 3178 2457 3260 χείρ,
2489 3178 2696 3261 κεφαλή
2731 3185 2795 3239 et

651 3285 854 3367 πόδες).
891 3287 1091 3349 Serva
1120 3287 1322 3366 igitur
1350 3286 1669 3368 σχίσματα
1654 3303 1721 3347 ln
1753 3286 1913 3362 XII,
1947 3286 2021 3347 25
2056 3304 2131 3348 ac
2161 3285 2387 3349 desine
2414 3285 2482 3346 τὰ
2517 3284 2792 3367 σχίσματα

655 3392 728 3454 in
776 3393 911 3470 XI,
955 3395 1027 3456 18
1056 3410 1170 3474 pro
1198 3394 1376 3456 sectis
1406 3393 1665 3456 habete.

736 3499 960 3562 Altera
989 3510 1084 3562 est
1113 3501 1307 3562 etiam
1356 3500 1714 3563 similitudo
1758 3499 2202 3578 consignanda
2233 3501 2404 3562 inter
2440 3500 2600 3563 duos
2635 3517 2795 3579 quos

657 3608 900 3671 contuh
926 3607 1117 3671 locos
1143 3610 1232 3670 'In
1261 3626 1430 3670 vers.
1463 3608 1585 3684 XI,
1615 3607 1687 3669 18
1713 3625 1809 3687 sq.
1834 3607 1915 3669 de
1936 3607 2152 3670 Coena
2174 3609 2409 3687 agitur.
2439 3607 2490 3669 Ε
2520 3626 2574 3669 ν.
2604 3606 2690 3684 X,
2722 3607 2793 3667 17

657 3722 911 3788 autem,
982 3715 1355 3790 christiani,
1414 3716 1567 3795 quia
1626 3731 1757 3777 una
1806 3731 2074 3776 coenam
2117 3713 2537 3793 participant,
2590 3729 2795 3774 unum

720 4019 785 4085 (1)
831 4022 987 4072 Adeo
1027 4036 1221 4073 verum
1258 4027 1342 4073 est
1383 4024 1486 4073 hos
1524 4038 1578 4074 v.
1629 4022 1780 4072 18-19
1825 4023 1892 4071 ad
1933 4020 2177 4072 Coenam
2205 4019 2502 4085 pertinere,
2534 4023 2597 4068 ut
2628 4021 2798 4069 Godet

658 4110 797 4174 ipse,
828 4111 1039 4162 inscius
1070 4126 1234 4174 sane,
1267 4127 1385 4176 cap.
1419 4112 1493 4162 XI
1534 4113 1593 4161 in
1623 4112 1761 4162 duas
1802 4115 1987 4175 partes
2018 4110 2295 4172 diviserit,
2331 4122 2569 4172 quorum
2608 4111 2797 4170 poste·

657 4201 774 4251 rior
819 4201 905 4251 17-
910 4201 969 4251 34
1003 4201 1102 4265 (sic
1142 4205 1274 4250 God.
1283 4203 1301 4262 )
1327 4202 1588 4251 vitiosam
1623 4203 1683 4250 in
1722 4200 1913 4251 Coena
1957 4198 2286 4251 celebranda
2333 4197 2798 4248 consuetudinem

660 4290 925 4342 describit
965 4307 1028 4341 ac
1045 4294 1349 4383 'vituperat
1388 4292 1459 4354 (p.
1508 4291 1633 4355 184).
1669 4293 1840 4343 Recte
1880 4292 2132 4356 quidem,
2176 4295 2230 4339 at
2267 4289 2636 4354 repugnantia
2665 4288 2801 4339 dicit

660 4379 954 4444 interpres.
