3559 5609
1431 829 1589 891 XIII,
1629 829 1868 891 13-X1v,
1908 829 1949 882 1.
2668 830 2757 880 129

623 945 787 1008 κακόν
813 995 828 1024 ,
878 946 941 1006 οὐ
971 946 1238 1029 συνχαίρει
1277 946 1363 1007 ἐπὶ
1393 951 1460 1029 τῇ
1505 944 1680 1030 ἀδικίᾳ
1700 991 1719 1022 ,
1758 946 1933 1029 χαίρει
1966 943 2021 1006 δὲ
2063 950 2130 1028 τῇ
2171 944 2410 1029 ἀληθείᾳ.
2458 945 2756 1008 Primum

624 1056 799 1115 κῶλον
848 1071 980 1116 non
1027 1053 1410 1116 vertendum
1462 1078 1474 1114 ε
1531 1077 1559 1110 α
1618 1071 1751 1116 non
1784 1052 2149 1132 suspicatur
2188 1052 2434 1114 malum
2480 1076 2535 1127 »,
2579 1060 2691 1114 aut
2740 1077 2752 1113 ι

633 1183 661 1216 α
693 1177 823 1222 non
845 1160 1122 1240 imputat
1151 1159 1396 1222 malum
1423 1184 1479 1236 ι,
1507 1160 1619 1223 sed
1648 1185 1661 1222 :
1695 1183 1723 1217 α
1754 1178 1887 1223 non
1910 1159 2176 1223 molitur
2196 1159 2467 1224 malum.
2491 1184 2519 1216 »
2547 1159 2759 1235 Quam

625 1265 1114 1329 translationem
1143 1267 1337 1346 plane
1357 1267 1672 1348 permittit
1701 1286 1856 1330 usus
1882 1268 2060 1330 verbi
2088 1266 2365 1348 λογίζομαι
2386 1267 2456 1329 in
2488 1266 2603 1329 illo
2627 1284 2760 1330 ser-

624 1392 817 1437 mone
862 1391 1124 1452 graeco,
1155 1375 1272 1456 qui
1317 1374 1763 1437 hellenisticus
1808 1374 2046 1437 dicitur
2086 1373 2351 1456 (LXX).
2389 1373 2762 1436 Secundum

623 1491 837 1545 autem
866 1485 1038 1543 κῶλον
1066 1482 1394 1561 significat
1426 1501 1441 1545 ε
1472 1506 1500 1538 α
1537 1500 1667 1545 non
1700 1482 1940 1561 gaudet
1969 1479 2221 1561 (super)
2241 1481 2585 1560 iniquitate
2613 1498 2762 1542 cum

625 1589 759 1651 illis
806 1590 920 1670 qui
969 1590 1381 1669 iniquitatem
1439 1597 1827 1670 perpetrant.
1889 1613 1918 1645 x>
1969 1589 2047 1650 Et
2098 1588 2256 1651 haec
2299 1589 2426 1650 duo
2473 1587 2764 1649 membra

629 1696 950 1776 praeclare
998 1699 1215 1775 Rom.‚
1249 1697 1312 1773 I,
1347 1696 1423 1760 32
1464 1716 1477 1758 τ
1520 1698 1579 1757 οὗ
1617 1696 1773 1778 μόνον
1802 1695 1938 1758 αὐτὰ
1970 1707 2209 1757 ποιοῦσιν
2237 1693 2375 1756 ἀλλὰ
2404 1695 2495 1756 καὶ
2529 1696 2763 1756 συνευδο-

622 1810 800 1866 κοῦσιν
853 1814 963 1873 τοῖς
1007 1805 1330 1889 πράσσουσιν
1376 1803 1790 1884 respondent.
1829 1839 1907 1850 —
1943 1805 2150 1884 Igitur
2206 1804 2416 1883 primo
2475 1803 2764 1865 membro

626 1912 971 1992 opponitur
1000 1911 1383 1988 secundum,
1416 1912 1826 1993 secundoque
1849 1913 2134 1976 tertium.
2160 1945 2240 1958 —
2266 1912 2355 1973 Ex
2386 1910 2490 1972 his
2523 1909 2764 1973 intelli-

625 2018 801 2096 gitur
831 2026 1214 2099 quapropter
1245 2019 1334 2079 ἐπί
1361 2027 1511 2082 ante
1550 2017 1726 2104 ἀδικίᾳ
1756 2027 2050 2100 ponatur,
2083 2025 2149 2080 at
2178 2025 2490 2082 non-ante
2518 2016 2757 2103 ἀληθείᾳ.

626 2126 882 2189 Omisso
916 2126 1031 2189 illo
1060 2127 1183 2203 ἐπί,
1219 2128 1587 2190 membrum
1617 2127 2118 2206 significavisset
2149 2150 2164 2189 z
2200 2144 2330 2191 non
2360 2126 2595 2207 gaudet
2622 2144 2763 2189 cum

609 2233 991 2315 iniquitate,
1030 2268 1109 2280 —
1144 2235 1317 2315 quod
1347 2234 1552 2298 Paulo
1582 2236 1654 2297 in
1691 2236 1914 2297 animo
1940 2252 2071 2299 non
2102 2242 2259 2298 erat.

1359 2449 1531 2514 XIII
1549 2498 1563 2526 ‚
1607 2448 1915 2525 13-XIV‚
1959 2451 2012 2511 1.

707 2664 785 2726 In
823 2663 897 2726 T.
932 2663 1013 2726 R.
1050 2663 1166 2726 hos
1202 2682 1262 2727 v.
1309 2663 1415 2726 vix
1451 2663 1773 2745 expedias,
1816 2664 2270 2744 Repugnantia
2305 2664 2546 2728 Paulus
2579 2664 2754 2728 dicit.

626 2770 1214 2834 contradictionem
1232 2774 1574 2851 consignat
1596 2771 1782 2835 Godet
1801 2773 2164 2852 frustraque
2178 2789 2509 2834 removere
2531 2779 2755 2836 tentat.

629 2879 887 2941 Fatetur
914 2896 989 2941 ex
1023 2881 1058 2940 2
1089 2878 1260 2947 Cor..
1296 2880 1372 2956 V,
1405 2880 1441 2940 7
1474 2887 1536 2941 et
1565 2880 1778 2954 Rom.‚
1805 2879 1989 2955 VIII,
2020 2879 2094 2939 24
2127 2877 2195 2954 (l.
2229 2879 2436 2959 quiin
2468 2878 2760 2959 epistulis

629 2984 818 3064 paulo
846 2992 988 3066 post
1011 2986 1035 3046 1
1063 2985 1209 3048 Cor.
1235 2986 1487 3066 scriptis
1511 2984 1992 3066 continentur):
2020 3009 2048 3042 ι
2076 2984 2138 3047 la
2166 2985 2250 3048 foi
2281 2993 2343 3047 et
2371 2983 2760 3065 l'esperance

626 3101 886 3172 passent
913 3093 1089 3155 aussi
1117 3093 1271 3155 bien
1303 3111 1428 3173 que
1459 3093 1552 3156 les
1581 3092 1765 3156 dous,
1792 3116 1824 3149 »
1844 3092 1922 3154 Et
1950 3092 2021 3153 in
2048 3091 2095 3154 h
2120 3101 2357 3169 nostro,
2382 3091 2496 3155 illo
2518 3091 2756 3171 judice,

634 3223 662 3256 α
710 3200 774 3260 la
814 3199 1025 3280 palme
1056 3202 1417 3280 appartient
1448 3205 1485 3262 a
1519 3201 1582 3262 la
1615 3201 1862 3262 charite
1896 3217 2147 3263 comme
2180 3204 2217 3262 a
2244 3200 2307 3262 la
2340 3199 2484 3281 plus
2519 3200 2762 3279 grande

630 3306 742 3368 des
792 3307 968 3372 trois.
1005 3306 1320 3387 L'Apdtre
1362 3325 1445 3370 ne
1484 3308 1580 3370 dit
1614 3325 1725 3388 pas
1765 3307 1828 3369 la
1873 3307 2014 3387 plus
2058 3307 2360 3381 durable‚
2396 3308 2667 3388 puisque
2699 3308 2763 3370 la

629 3413 827 3476 duree
878 3414 956 3476 de
1010 3412 1216 3478 tontes
1270 3416 1427 3478 trois
1477 3422 1572 3479 est
1622 3413 1908 3478 absolue.
1966 3440 1989 3469 „
2046 3450 2124 3461 —
2178 3415 2429 3478 Deinde
2478 3433 2760 3497 compar.

628 3520 820 3601 μείζων
864 3530 1015 3585 ante
1054 3520 1255 3583 τούτων
1299 3540 1429 3586 non
1478 3522 1867 3600 intelligitur
1906 3547 1918 3583 ε
1960 3540 2120 3584 num
2165 3530 2369 3603 potest
2413 3524 2645 3585 caritas
2693 3541 2761 3586 se

627 3627 765 3707 ipsa
810 3630 1017 3709 major
1058 3630 1245 3692 esse?
1276 3647 1437 3692 num
1472 3626 1673 3689 τούτων
1708 3628 1886 3690 aliud
1930 3629 2270 3707 designare
2318 3638 2521 3708 potest
2565 3647 2762 3708 quam

629 3734 837 3794 ταῦταῗ
869 3733 1148 3796 Difficile
1184 3734 1438 3797 videtur
1468 3734 1571 3797 illi
1606 3755 1666 3796 v.
1705 3733 1900 3814 μείζων
1932 3735 2062 3795 vim
2105 3734 2406 3814 superlat.
2446 3734 2723 3797 tribuere
2746 3783 2760 3811 ‚

634 3847 701 3902 ut
733 3841 873 3902 vult
904 3839 1097 3930 Godet
1130 3865 1150 3902 .·
1185 3841 1257 3901 in
1306 3842 1607 3920 ambiguo
1651 3848 1745 3904 est
1791 3841 2223 3921 comparativo
2276 3841 2452 3904 hunc
2499 3860 2764 3905 sensum

630 3948 857 4026 affingi
906 3965 1086 4027 posse
1119 3948 1223 4030 (cf.
1264 3949 1554 4012 Gramm;
1595 3967 1718 4012 von
1770 3950 2030 4029 Winer).
2062 3984 2141 3996 -
2171 3950 2467 4030 Denique
2503 3950 2694 4027 XIV,
2733 3951 2757 4011 1

630 4054 914 4135 intelligi
954 4057 1199 4136 nequit.
1233 4056 1597 4120 Translatio
1627 4075 1824 4138 quam
1856 4055 2046 4120 Godet
2072 4058 2368 4138 proponit
2403 4057 2643 4137 optima
2673 4064 2768 4119 est

632 4181 828 4244 quam
856 4162 1011 4227 dare
1038 4163 1264 4245 possis,
1292 4164 1403 4226 sed
1426 4174 1650 4227 contra
1674 4165 2023 4228 consilium
2044 4164 2233 4228 Pauli
2258 4164 2543 4243 praecise
2572 4165 2760 4227 dicit:

635 4293 665 4326 ι
703 4269 1058 4334 Sectamini
1090 4272 1455 4348 caritatem,
1490 4272 1599 4334 sed
1636 4271 2060 4335 aemulamini
2101 4271 2493 4351 spiritalia...
2533 4294 2564 4327 »
2599 4271 2766 4349 Ergo

641 4378 958 4459 spiritalia
988 4379 1315 4442 caritatem
1350 4387 1691 4460 praestant.
1729 4364 2075 4443 Caritatem
2108 4380 2459 4444 consectari
2492 4379 2767 4460 profecto

2396 4485 2432 4547 9
