3559 5609
21 1284 22 1301 ⁴
23 1202 30 1233 ⁴-
23 1020 40 1183 “qn-
35 976 46 985 Ι,

1502 798 1604 850 XII
1619 836 1632 860 ,
1670 799 1748 851 31.
2609 797 2699 848 12⁷

562 914 751 999 μέρους
794 932 943 976 611111
974 913 1117 976 ἔθετο
1156 912 1717 993 colligeS.·Nonne
1763 916 1957 977 etiam
1993 914 2457 1001 animadvertis
2492 914 2694 994 persi·

561 1021 787 1085 milem
818 1021 963 1085 fieri
993 1021 1328 1102 periodum
1357 1022 1448 1083 ita
1478 1023 1841 1085 restitutam
1873 1022 2134 1101 periodo
2166 1034 2225 1083 v.
2266 1020 2338 1084 18
2371 1039 2383 1075 t

1089 1155 1160 1218 18
1925 1155 2001 1217 28

640 1295 670 1351 ὀ
698 1289 837 1357 Θεὸς
866 1288 1032 1351 ἔθετο.
1068 1335 1084 1351 .
1138 1336 1151 1352 .
1200 1334 1213 1349 .
1269 1263 1306 1351 .·
1337 1335 1354 1352 .
1406 1334 1423 1351 .
1466 1335 1481 1352 .
1568 1289 1712 1352 ἔθετο
1740 1294 1770 1350 ὃ
1801 1288 1939 1358 Θεός

638 1396 705 1456 τὰ
736 1396 874 1477 μέλη
881 1441 1476 1461 ..........
1568 1396 1707 1478 μέλη

642 1504 696 1564 ἓν
724 1504 946 1566 ἕκαστον
976 1504 1175 1569 αὐτῶν.
1208 1549 1223 1566 .
1265 1553 1278 1567 .
1329 1526 1354 1567 .’
1398 1552 1412 1566 .
1464 1551 1479 1569 .
1568 1508 1628 1566 ἐκ
1657 1504 1845 1589 μέρους

641 1614 695 1673 ἐν
725 1616 802 1695 τῷ
834 1614 1070 1691 σώματι.
1127 1657 1142 1672 .
1192 1655 1210 1672 .
1259 1659 1276 1676 .
1326 1634 1354 1673 c
1391 1659 1409 1678 .
1459 1662 1471 1673 .
1562 1612 1617 1672 ἐν
1644 1617 1710 1695 τῇ
1742 1614 2000 1696 ἐκκλησίᾳ

642 1715 816 1785 καθὼς
841 1717 1093 1791 ἠθέλησεν
1124 1718 1228 1793 (cf.
1262 1736 1323 1779 v.
1361 1719 1481 1799 11).
1567 1730 1774 1801 πρῶτον
1806 1717 2005 1779 ἀποστ.
2029 1721 2150 1779 κτλ.
2178 1717 2287 1800 (cf.
2314 1738 2373 1782 v.
2403 1719 2605 1800 7-10).

1484 1958 1641 2036 XII,
1682 1957 1781 2022 31.

627 2166 884 2262 'Nullus
913 2199 1142 2262 dubito
1172 2201 1333 2280 quin
1362 2206 1529 2262 recte
1569 2197 1897 2263 Theodora
1920 2209 2141 2264 notam
2171 2203 2699 2280 interrogationis

566 2315 706 2388 post
738 2308 949 2388 μείζονα
978 2308 1282 2387 posuerit,
1321 2300 1407 2370 66
1426 2307 1605 2388 prius
1634 2308 2044 2370 enuntiatum
2076 2327 2135 2371 v.
2172 2309 2241 2372 31
2279 2326 2392 2389 pro
2428 2309 2699 2373 interro·

546 2405 821 2494 'gatione
873 2413 1192 2477 hahuerit.
1243 2417 1331 2477 At
1381 2413 1769 2494 significatio
1821 2415 2085 2494 quidem
2131 2415 2329 2496 hujus
2380 2416 2702 2479 enuntiati

566 2537 715 2584 oum
742 2521 824 2583 ah
852 2520 969 2583 illa
996 2538 1196 2601 quam
1225 2523 1523 2603 proponit
1554 2523 1727 2602 ipse,
1767 2529 1904 2584 tum
1944 2522 2024 2584 ab
2063 2522 2188 2584 ista
2232 2540 2429 2603 quam
2457 2523 2702 2586 indicat

441 2671 452 2677 -
570 2627 761 2692 Godet
795 2628 1035 2691 distare
1088 2628 1253 2691 mihi
1303 2628 1582 2692 videtur:
1624 2628 2051 2709 Nequaquam
2088 2646 2353 2693 necesse
2395 2637 2532 2692 erat
2577 2629 2699 2702 Co·

566 2735 842 2799 rinthios
882 2736 1211 2799 adhortari
1252 2736 1334 2798 ad
1367 2737 1757 2799 charismata
1798 2737 2155 2815 appetenda
2195 2736 2304 2818 (of.
2343 2736 2535 2814 XIV,
2573 2736 2695 2819 12).

568 2843 757 2919 Quod
780 2844 837 2905 si
860 2842 1138 2905 inferius
1159 2843 1378 2905 scribit
1397 2842 1641 2905 Paulus
1663 2866 1676 2902 ε
1700 2845 1920 2916 ζηλοῦτε
1936 2841 2004 2902 τὰ
2025 2844 2355 2923 πνευματικά
2374 2843 2586 2925 (XIV,
2615 2844 2698 2925 1),

574 2957 898 3023 contextus
929 2949 1210 3013 ostendit
1243 2949 1522 3013 Paulum
1556 2967 1683 3012 non
1733 2949 2088 3028 exhortari,
2129 2952 2240 3013 sed
2274 2952 2646 3030 permittere
2679 2970 2695 3015 ε

571 3072 679 3119 vos
707 3057 1098 3120 charismata
1125 3065 1422 3137 appetere
1450 3073 1581 3119 non
1611 3064 1780 3133 veto,
1815 3056 2004 3121 sed...
2034 3056 2145 3138 (1).
2172 3057 2461 3121 Profecto
2490 3057 2701 3121 dicere

566 3166 819 3245 possis:
858 3182 1118 3228 necesse
1167 3173 1302 3227 erat
1343 3163 1715 3228 Corinthios
1761 3164 2090 3226 adhortari
2131 3165 2214 3227 ad
2259 3166 2617 3245 appetenda
2642 3166 2702 3228 si

566 3288 701 3365 non
737 3271 1130 3334 charismata
1171 3274 1474 3348 omnino,
1513 3278 1581 3333 at
1621 3270 1850 3332 saltem
1907 3269 2196 3335 meliora.
2244 3274 2555 3336 Attamen
2600 3272 2701 3337 ul-

570 3357 762 3443 timae
789 3399 851 3443 v,
885 3379 956 3444 31
992 3398 1179 3444 voces
1206 3381 1288 3443 ad
1314 3354 1824 3458 intelligendum
1852 3380 2151 3443 difficiles
2178 3400 2431 3461 semper
2461 3391 2698 3445 essent.

571 3488 659 3551 Ut
689 3471 857 3551 mihi
885 3488 1160 3566 videtur,
1192 3489 1265 3550 in
1300 3506 1437 3569 cap.
1472 3488 1604 3550 ΧΠ
1636 3488 1715 3550 de
1745 3488 1997 3551 duobus
2025 3490 2218 3552 rebus
2248 3490 2537 3552 vicissim
2567 3492 2702 3571 agi·

567 3605 673 3659 tur
706 3623 720 3658 =
756 3606 903 3659 ante
934 3615 996 3658 v.
1030 3598 1099 3660 31
1152 3596 1432 3659 ostendit
1481 3596 1803 3676 apostolus
1846 3596 2288 3659 diversitatem
2336 3597 2700 3660 charisma·

565 3713 732 3768 tum.
791 3704 1259 3785 Unusquisque
1306 3720 1497 3766 suum
1528 3703 1758 3779 hahet,
1793 3711 1985 3783 atque
2036 3705 2243 3766 omnia
2291 3704 2417 3767 alia
2465 3705 2702 3768 hahere

568 3813 817 3895 nequit.
863 3813 942 3874 In
991 3831 1052 3874 v.
1104 3810 1211 3890 31,
1270 3811 1349 3874 de
1398 3830 1464 3872 re
1507 3828 1677 3873 nova
1720 3809 1966 3873 Paulus
2015 3827 2384 3873 sermonem
2437 3812 2637 3874 infert
2680 3832 2696 3875 ε

573 3944 603 3979 α
635 3921 782 4005 8611
829 3921 1004 4002 (611111
1041 3919 1263 3983 omnia
1299 3917 1689 3980 charismata
1733 3916 1973 3979 habere
2014 3933 2147 3979 non
2176 3917 2492 3998 possitis),
2540 3935 2701 3982 num

571 4029 879 4109 quaeritis
926 4028 1174 4108 majora
1196 4027 1238 4117 2
1275 4047 1307 4083 »
1345 4025 1497 4089 Non
1542 4026 1765 4088 eadem
1812 4033 2149 4104 permanet
2191 4025 2505 4102 611111111ος
2542 4042 2699 4088 116111

630 4271 701 4336 (1)
728 4258 981 4323 Duorum
1011 4271 1260 4335 priorum
1293 4269 1349 4320 δέ
1385 4267 1444 4316 111
1469 4264 1615 4331 XIV,
1643 4267 1672 4318 5
1700 4265 1849 4318 idem
1879 4277 2078 4318 sensus
2108 4272 2192 4319 est
2224 4282 2236 4319 :
2270 4283 2297 4317 α
2327 4265 2470 4319 Volo
2498 4272 2702 4334 tamen,

571 4362 699 4412 volo
728 4374 862 4412 sane
890 4375 992 4411 vos
1021 4372 1214 4410 omnes
1237 4357 1392 4421 loqui
1421 4356 1647 4421 linguis,
1679 4358 1854 4422 magis
1886 4362 2070 4409 autem
2098 4359 2448 4423 prophetare.
2474 4373 2500 4406 a>
