3559 5609
1503 816 1605 868 xn
1620 854 1633 877 ,
1671 817 1749 869 31.
2610 815 2700 866 12⁷

563 933 752 1017 μέρους
796 950 946 996 cum
975 932 1118 995 ἔθετο
1157 931 1718 1012 colliges.·Nonne
1764 934 1958 995 etiam
1994 932 2458 1020 animadvertis
2492 933 2695 1012 persi-

564 1040 787 1103 milem
820 1040 964 1104 fieri
994 1040 1329 1121 periodum
1358 1041 1448 1102 ita
1478 1041 1842 1104 restitutam
1872 1040 2135 1119 periodo
2166 1052 2225 1101 v.
2268 1039 2339 1103 18
2371 1058 2383 1094 =

1090 1174 1161 1237 18
1926 1174 2002 1236 28

641 1307 1085 1376 noemam..
1139 1353 1213 1370 ..
1406 1352 1481 1371 ..
1568 1306 1940 1376 τοιτοῡθιός

640 1413 708 1475 τὰ
737 1414 874 1495 μέλη
882 1459 1476 1479 ..........
1569 1415 1707 1496 μέλη

643 1522 697 1582 ἓν
725 1522 947 1584 ἕκαστον
978 1522 1176 1587 αὐτῶν.
1207 1568 1224 1584 .
1266 1572 1278 1585 .
1330 1567 1348 1585 .
1398 1569 1412 1585 .
1465 1571 1482 1588 .
1569 1526 1629 1584 ἐκ
1657 1523 1845 1607 μέρους

519 1668 524 1671 -
643 1632 696 1690 ἐν
726 1634 803 1713 τῷ
836 1632 1049 1710 σώματι
1057 1673 1343 1695 .....
1341 1652 1354 1663 “
1392 1678 1410 1697 .
1459 1680 1471 1692 .
1562 1631 1617 1690 ἐν
1644 1635 1710 1713 τῇ
1742 1631 2000 1714 ἐκκλησίᾳ

644 1733 817 1803 καθὼς
842 1735 1094 1809 ἠθέλησεν
1125 1736 1229 1811 (cf.
1262 1754 1324 1797 v.
1362 1737 1481 1818 11).
1568 1748 1774 1821 πρῶτον
1806 1735 2005 1797 ἀποστ.-
2030 1739 2151 1797 κτλ.
2180 1736 2288 1817 (cf.
2314 1757 2374 1799 v.
2404 1737 2605 1818 7-10).

1485 1976 1641 2054 XII,
1682 1975 1781 2040 31.

648 2216 886 2280 Nullus
915 2217 1143 2281 dubito
1173 2219 1335 2299 quin
1361 2225 1531 2281 recte
1570 2216 1897 2282 Theodora
1920 2227 2141 2282 notam
2172 2222 2700 2299 interrogationis

568 2333 707 2406 post
739 2327 951 2407 μείζονα
981 2327 1282 2406 posuerit,
1322 2318 1408 2389 ac'
1426 2326 1606 2408 prius
1635 2327 2045 2389 enuntiatum
2077 2346 2137 2390 v.
2173 2328 2242 2391 31
2279 2345 2393 2408 pro
2428 2328 2700 2391 interro·

548 2424 823 2512 ‘gatione
875 2432 1193 2495 hahuerit.
1244 2435 1331 2495 At
1382 2431 1769 2512 significatio
1822 2433 2085 2513 quidem
2130 2434 2331 2515 hujus
2381 2435 2703 2498 enuntiati

568 2555 717 2602 cum
744 2539 825 2601 ah
854 2538 970 2601 illa
997 2556 1196 2619 quam
1226 2541 1523 2621 proponit
1555 2540 1693 2620 ipse
1713 2590 1728 2618 ,
1765 2548 1904 2602 tum
1944 2541 2025 2603 ab
2063 2541 2189 2603 ista
2233 2559 2430 2622 quam
2457 2541 2704 2605 indicat

443 2689 454 2695 <
571 2645 763 2710 Godet
797 2645 1036 2709 distare
1089 2646 1253 2709 mihi
1303 2646 1582 2709 videtur.'
1624 2646 2052 2727 Nequaquam
2089 2664 2354 2711 necesse
2395 2655 2533 2710 erat
2577 2646 2700 2721 Co·

568 2753 844 2817 rinthios
883 2753 1213 2817 adhortari
1254 2754 1335 2815 ad
1368 2755 1757 2817 charismata
1799 2755 2156 2834 appetenda
2196 2754 2305 2836 (cf.
2344 2754 2537 2831 XIV,
2574 2754 2696 2837 12).

569 2861 757 2937 Quod
782 2861 835 2922 si
861 2859 1140 2922 inferius
1160 2861 1379 2923 scribit
1397 2861 1641 2923 Paulus
1664 2885 1676 2920 :
1701 2862 1920 2934 ζηλοῦτε
1937 2859 2005 2920 τὰ
2026 2861 2356 2941 πνευματικά
2375 2860 2587 2942 (XIV,
2616 2862 2699 2943 1),

574 2975 900 3035 contextus
930 2968 1211 3030 ostendit
1244 2967 1522 3031 Paulum
1557 2985 1686 3030 non
1734 2966 2089 3046 exhortari,
2130 2970 2242 3032 sed
2277 2962 2647 3048 permittere
2681 2988 2697 3033 ε

572 3090 681 3137 vos
709 3075 1098 3137 charismata
1124 3083 1423 3155 appetere
1451 3091 1583 3138 non
1614 3082 1781 3151 veto,
1816 3074 2005 3140 sed...
2035 3074 2145 3156 (1).
2173 3075 2462 3138 Profecto
2491 3075 2703 3139 dicere

567 3184 820 3264 possis:
859 3199 1119 3246 necesse
1167 3190 1303 3245 erat
1344 3181 1716 3246 Corinthios
1762 3182 2091 3244 adhortari
2133 3183 2215 3245 ad
2260 3184 2618 3264 appetenda
2643 3184 2703 3246 si

567 3306 702 3381 non
738 3289 1131 3352 charismata
1172 3292 1475 3378 omniun,
1514 3297 1582 3352 at
1623 3288 1851 3351 saltem
1907 3288 2197 3353 meliora.
2245 3292 2553 3354 Attamen
2601 3290 2702 3355 ul-

571 3398 762 3461 timae
789 3417 851 3460 ν.
886 3397 955 3461 31
992 3416 1179 3461 voces
1207 3399 1288 3461 ad
1315 3398 1824 3476 intelligendum
1853 3398 2153 3461 difficiles
2179 3418 2433 3480 semper
2461 3409 2699 3463 essent.

572 3505 660 3568 Ut
690 3489 857 3568 mihi
886 3505 1161 3584 videtur,
1194 3507 1266 3568 in
1301 3524 1439 3587 cap.
1474 3506 1605 3569 XII
1636 3506 1715 3568 de
1745 3506 1998 3570 duobus
2026 3508 2219 3570 rebus
2249 3508 2538 3570 vicissim
2567 3510 2703 3589 agi-

569 3622 675 3677 tur
707 3640 721 3676 =
756 3623 904 3676 ante
934 3633 997 3677 v·
1031 3616 1100 3678 31
1153 3614 1434 3677 ostendit
1482 3614 1804 3693 apostolus
1848 3614 2289 3677 diversitatem
2337 3615 2701 3678 charisma-

570 3728 733 3785 tum.
792 3722 1260 3803 Unusquisque
1307 3738 1498 3783 suum
1529 3721 1759 3797 hahet,
1794 3729 1986 3801 atque
2037 3722 2244 3784 omnia
2291 3722 2418 3785 alia
2464 3723 2703 3786 habere

570 3830 818 3912 nequit.
864 3831 943 3892 In
992 3848 1053 3892 v·
1105 3828 1211 3908 31,
1270 3829 1350 3892 de
1399 3847 1466 3890 re
1508 3845 1678 3891 nova
1721 3827 1967 3891 Paulus
2016 3845 2385 3891 sermonem
2438 3829 2638 3892 infert
2681 3850 2697 3893 ε

575 3961 605 3996 α
636 3938 780 4021 8θά
830 3939 1004 4020 (cum
1042 3937 1263 4000 omnia
1300 3935 1690 3998 charismata
1734 3934 1974 3998 habere
2014 3950 2147 3996 non
2178 3935 2493 4015 possitis),
2541 3954 2702 4000 num

572 4047 881 4126 quaeritis
926 4045 1175 4126 majora
1197 4045 1240 4135 2
1276 4066 1307 4101 2>
1346 4044 1498 4108 Non
1543 4044 1767 4106 eadem
1813 4051 2150 4122 permanet
2192 4043 2506 4120 ambiti03
2543 4061 2700 4107 nam

632 4288 703 4353 (1)
729 4274 983 4340 Duorum
1012 4288 1261 4353 priorum
1294 4288 1350 4339 δέ
1386 4287 1445 4336 in
1470 4283 1616 4350 XIV,
1644 4286 1673 4337 5
1701 4284 1850 4336 idem
1880 4295 2079 4336 sensus
2109 4290 2193 4337 est
2225 4299 2237 4336 :
2271 4300 2298 4334 α
2328 4283 2471 4337 Volo
2499 4290 2703 4353 tamen,

573 4378 701 4429 volo
730 4391 863 4429 sane
891 4392 993 4429 vos
1022 4392 1215 4428 omnes
1238 4377 1393 4440 loqui
1422 4375 1648 4440 linguis,
1680 4377 1855 4441 magis
1887 4380 2071 4427 autem
2098 4376 2449 4440 prophetare.
2475 4391 2501 4424 a>
