3559 5609
1641 847 1788 911 XIV,
1822 848 1895 898 12.
2745 846 2832 898 133

707 971 834 1027 tem
890 983 1005 1045 pro
1046 964 1402 1046 praedicato
1455 983 1515 1025 v.
1562 965 1717 1048 χάρις
1777 964 2122 1027 habentur.
2174 966 2344 1040 Quin
2409 967 2639 1043 etiam,
2701 983 2828 1028 non

703 1070 912 1134 solum
953 1071 1027 1132 in
1070 1079 1240 1133 textu
1280 1071 1606 1151 praesenti
1644 1071 1852 1155 ἄφωνον
1885 1089 1923 1133 a
1960 1077 2148 1155 φωνῶν
2179 1080 2496 1135 semotum
2543 1081 2676 1150 est,
2721 1074 2833 1136 sed

703 1179 783 1241 ad
831 1185 1016 1263 φωνῶν
1070 1197 1152 1240 ne
1201 1162 1800 1258 refertur'quidem,
1847 1179 2017 1259 quod
2055 1188 2267 1241 tamen
2304 1181 2572 1245 omnino
2622 1199 2834 1243 neces-

707 1287 952 1349 sarium
988 1287 1177 1362 foret,
1216 1294 1282 1348 ut
1324 1286 1565 1349 valeret
1596 1286 1787 1349 Godet
1824 1286 2189 1379 explanatio
2233 1312 2245 1348 :
2290 1288 2563 1351 refertur
2615 1296 2834 1351 contra

702 1395 780 1456 ad
819 1394 987 1475 γένος.
1037 1428 1105 1438 -
1153 1395 1488 1456 Praeterea
1524 1411 1687 1474 quae
1720 1392 1924 1454 Paulo
1962 1392 2152 1454 datur
2194 1396 2512 1455 sententia
2564 1396 2835 1458 omnino

702 1503 904 1566 otiosa
955 1510 1051 1565 est
1096 1510 1288 1582 atque
1331 1502 1569 1563 inanis,
1622 1501 1815 1563 Recte
1869 1500 2093 1562 omnia
2141 1519 2208 1562 se
2254 1501 2495 1565 hahent
2541 1510 2833 1584 transpo-

701 1611 992 1675 nendo...
1031 1619 1147 1679 πῶς
1190 1610 1550 1691 γνωσθήσεται
1588 1610 1650 1670 τὸ
1690 1607 2011 1688 λαλούμενον
2049 1609 2142 1670 καὶ
2186 1608 2331 1670 οὐδὲν
2367 1610 2572 1694 ἄφωνον
2600 1633 2612 1686 ;
2657 1611 2836 1673 ἔσεσθε

700 1717 800 1801 γὰρ
829 1722 902 1785 εἰς
936 1714 1065 1801 ἀέρα
1097 1721 1378 1784 λαλοῦντες
1412 1727 1679 1793 τοσαῦτα,
1719 1720 1765 1776 εἰ
1792 1714 1966 1797 τύχοι,
1997 1715 2120 1796 γένη
2149 1728 2335 1799 φωνῶν
2364 1726 2444 1787 <
2469 1716 2569 1778 ὅσα
2595 1727 2674 1790 >
2708 1719 2837 1779 εἰσὶν

702 1828 757 1884 ἐν
782 1823 990 1908 κόσμῳ.
1036 1822 1165 1886 Ἐὰν
1190 1815 1278 1885 οῧν
1311 1871 1352 1887 ..
1386 1827 1561 1885 κτλ...

783 1931 947 1994 Cum
995 1932 1486 2008 immutatione,
1529 1938 1664 1993 tum
1707 1949 1740 1992 e
1786 1930 2191 2011 proximitate
2222 1949 2280 1991 v.
2317 1930 2446 1992 εἰσίν
2474 1931 2713 1994 factum
2744 1940 2839 1994 est

705 2049 776 2102 ut
821 2058 882 2100 v.
929 2038 1030 2100 ὅσα
1072 2048 1502 2101 evanesceret.
1543 2037 1885 2116 Significat
1931 2038 2263 2101 restitutus
2311 2036 2489 2101 locus
2523 2058 2536 2101 ε
2577 2063 2605 2095 «
2643 2039 2741 2101 Ita
2776 2047 2838 2102 et-

705 2163 851 2222 vos,
904 2165 1018 2226 per
1073 2145 1370 2225 linguam
1417 2145 1549 2207 nisi
1599 2146 2017 2207 manifestum
2073 2162 2438 2207 sermonem
2494 2146 2834 2223 dederitiS‚

701 2255 1020 2336 quomodo
1049 2253 1452 2332 intelligetur
1494 2253 1563 2314 id
1594 2253 1764 2333 quod
1796 2253 2032 2315 dicitur
2056 2303 2070 2330 ,
2107 2253 2403 2332 quamvis
2444 2254 2716 2316 minime
2753 2253 2839 2315 sit

700 2364 950 2447 ἄφωνονῖ
979 2362 1147 2426 Nam
1178 2362 1362 2424 eritis
1390 2362 1461 2422 in
1488 2379 1636 2423 aera
1665 2379 1893 2424 omnes
1922 2362 2217 2423 omnium
2248 2362 2542 2439 gentium
2579 2360 2836 2438 linguas

702 2470 1067 2549 loquentes!
1100 2493 1126 2525 ι»
1154 2501 1232 2514 —-
1253 2469 1649 2549 Symmetria
1679 2468 1995 2548 quaedam
2031 2473 2277 2530 constat
2296 2470 2465 2530 inter
2487 2489 2545 2529 v.
2570 2469 2660 2530 καὶ
2691 2467 2837 2529 οὐδὲν

701 2577 931 2661 ἄφωνον,
962 2587 1023 2637 et
1055 2594 1219 2637 vers.
1259 2576 1294 2635 7
1326 2594 1517 2655 quem
1556 2575 1798 2637 Grimm
1831 2573 2070 2655 (Meyer
2099 2574 2485 2657 assentiens)
2516 2576 2835 2655 interpre-

704 2693 873 2745 tatur
907 2705 920 2744 ε
957 2708 987 2739 «
1022 2683 1459 2744 iustrumenta
1490 2683 1657 2745 vitae
1688 2668 2003 2762 expertia,
2039 2682 2292 2744 etiamsi
2328 2701 2562 2745 sonum
2600 2683 2828 2758 edunt,

705 2800 949 2866 tamen,
999 2791 1132 2851 nisi
1186 2790 1486 2851 distincte
1526 2798 1792 2865 sonant,
1837 2790 1948 2868 qui
1995 2788 2330 2869 dignosces
2373 2798 2542 2851 etc...
2583 2814 2610 2846 n
2647 2825 2722 2834 —
2759 2791 2836 2851 Et

703 2898 1044 2978 propositio
1096 2901 1274 2958 ἔσεσθε
1324 2931 1400 2941 —-
1448 2903 1680 2957 τοσαῦτα
1717 2929 1795 2940 -—
1833 2896 1956 2975 γένη
2002 2904 2190 2978 φωνῶν
2242 2915 2299 2955 ν.
2355 2897 2564 2972 XIII,
2623 2898 2833 2958 ires-

701 3007 960 3086 ponden

1590 3219 1786 3294 XIV,
1834 3220 1932 3283 12.

788 3494 1070 3553 Haerent
1096 3508 1324 3553 omnes
1352 3490 1735 3569 interpretes
1765 3488 1829 3548 i‘n
1862 3488 2052 3549 verbo
2076 3488 2407 3566 πνευμάτων.
2445 3488 2627 3562 Quod
2660 3490 2831 3567 equi—

703 3600 850 3659 dem
887 3615 996 3678 pro
1027 3597 1262 3665 menda
1299 3598 1520 3658 habeo.
1560 3597 1822 3676 Repone
1853 3612 2105 3656 mecum
2135 3604 2578 3673 πνευματικῶν,
2615 3606 2675 3656 et
2725 3614 2831 3673 ge-

705 3708 976 3769 nuinam
1029 3714 1086 3766 te
1137 3722 1546 3784 recuperasse
1604 3702 1796 3763 Pauli
1849 3720 2117 3763 manum
2173 3702 2283 3762 tibi
2337 3719 2607 3781 sponsor
2658 3722 2828 3765 sum.

706 3813 965 3875 Similes
1004 3814 1497 3892 frequentesque
1540 3809 1953 3872 confusiones
1990 3808 2236 3868 indicat
2278 3808 2431 3870 Bast
2468 3809 2832 3889 (Adjectiva

706 3921 774 3980 in
811 3944 917 3988 ικος
950 3928 1011 3981 et
1038 3943 1094 3987 ος
1128 3920 1394 3982 confusa
1422 3952 1502 3966 —
1532 3917 1865 3996 Adjectiva
1894 3917 1962 3977 in
2003 3938 2146 3984 τικος
2177 3924 2239 3976 et
2275 3917 2343 3976 in
2380 3939 2467 3983 τος
2519 3917 2828 3993 confusa).

706 4066 782 4075 —
814 4031 887 4090 In
923 4029 1096 4103 XII,
1142 4027 1211 4087 10
1251 4036 1459 4087 tamen
1493 4027 1705 4103 legere
1735 4026 1969 4104 poteris
2005 4049 2016 4084 ε
2057 4024 2308 4106 διάκρισις
2339 4025 2650 4103 πνευμάτων
2673 4072 2688 4099 ,
2722 4027 2833 4089 Sed

702 4140 770 4200 in
805 4139 871 4198 h.
912 4137 950 4197 l.
991 4135 1256 4216 pluralis
1288 4153 1599 4196 numerus
1632 4135 1872 4213 optime
1912 4131 2298 4210 intelligitur
2322 4181 2336 4209 ‚
2369 4133 2830 4212 interpretante

706 4263 835 4307 non
869 4243 1384 4322 Godet'quidem,
1419 4241 1530 4302 sed
1559 4243 1789 4321 Meyer.
