3559 5609
824 778 887 834 80
1722 780 1828 832 vn
1842 818 1856 842 ‚
1895 780 2061 834 18-24.

826 900 1089 962 videtur
1123 923 1136 960 ε
1185 916 1339 960 cum
1381 898 1684 962 Corinthi
1730 900 1924 962 multi
1965 906 2178 963 essent
2222 898 2580 962 turbulenti
2629 899 2804 962 cives
2847 900 2966 979 qui

826 1005 1176 1068 suaderent
1207 1012 1280 1067 ut
1310 1005 1568 1068 civilem
1600 1006 1928 1069 Corinthii
1966 1007 2406 1069 conditionem
2438 1011 2764 1067 mutarent
2794 1005 2961 1087 (scil.

828 1109 1179 1192 servilem),
1207 1112 1455 1174 Paulus
1476 1113 1786 1175 adversus
1809 1112 2115 1175 ecclesiae
2136 1112 2570 1177 obedientiam
2593 1112 2964 1192 depugnare

823 1219 1126 1282 voluerit.
1186 1219 1313 1282 Sed
1363 1238 1423 1280 v.
1475 1220 1648 1279 δοῦλοι
1706 1221 2101 1298 significatio
2148 1221 2338 1282 datur
2382 1238 2549 1299 quae
2609 1237 2648 1280 a
2708 1219 2963 1283 duobus

829 1325 1245 1405 praegressis
1270 1326 1867 1405 significationibus
1908 1328 2101 1389 distat
2135 1334 2197 1390 et
2240 1345 2372 1389 non
2416 1326 2628 1389 solum
2665 1334 2965 1390 contextu

826 1450 959 1503 non
992 1433 1355 1508 indicatur,
1392 1435 1501 1496 sed
1535 1435 1732 1496 etiam
1764 1434 1845 1495 ab
1874 1435 1987 1496 illo
2021 1435 2207 1514 plane
2240 1434 2454 1496 aliena
2483 1441 2577 1495 est
2603 1433 2762 1514 (non
2799 1431 2962 1496 dici-

825 1546 932 1603 tur
961 1557 999 1601 a
1031 1541 1239 1621 Meyer
1272 1548 1555 1604 ceterum
1594 1542 1662 1603 si·
1685 1541 1788 1620 (ac
1824 1540 2178 1623 quomodo)
2211 1541 2550 1603 christiani
2583 1539 2773 1603 liberi
2807 1558 2962 1604 con-

827 1649 1148 1712 ditionem
1178 1649 1440 1711 civilem
1470 1648 1845 1731 mutarent).
1880 1673 1908 1705 α
1942 1650 2151 1729 Meyer
2180 1650 2445 1711 observe
2474 1666 2627 1711 avec
2652 1649 2893 1722 raison,
2927 1672 2956 1704 n

821 1757 1031 1836 pergit
1057 1756 1266 1829 (zadoc,
1298 1784 1322 1811 «ι
1349 1775 1476 1836 que
1501 1757 1556 1818 si
1587 1757 1714 1819 l'on
1745 1774 1826 1819 ne
1860 1774 2134 1835 suppose
2164 1775 2274 1836 pas
2296 1774 2426 1819 une
2453 1757 2764 1820 tendance
2792 1773 2961 1819 sern-

789 1862 1057 1953 -blable,
1097 1871 1271 1926 toute
1302 1869 1461 1926 cette
1489 1864 1854 1942 digression
1883 1864 1972 1946 (V.
2018 1863 2233 1944 17-24)
2281 1881 2564 1942 manquo
2596 1863 2676 1926 de
2717 1864 2890 1925 base.
2928 1887 2956 1919 n

822 1971 1007 2033 Errat
1039 1972 1362 2051 equidem.
1404 1971 1575 2032 Nam
1605 1972 1674 2032 in
1709 1972 2108 2034 solidissimo
2138 1971 2564 2034 fundamento
2600 1970 2831 2035 nititur
2858 1971 2960 2033 di-

819 2078 1100 2157 gressio,
1150 2078 1217 2140 id
1247 2085 1342 2141 est
1382 2079 1453 2140 in
1500 2080 1821 2141 sententia
1850 2098 1910 2139 v.
1948 2079 2023 2140 20
2060 2086 2120 2142 et
2151 2080 2266 2155 24,
2303 2086 2364 2142 et
2408 2080 2465 2141 si
2499 2078 2746 2140 Paulus
2776 2078 2958 2141 illam

822 2185 1296 2264 digressionem
1317 2186 1624 2265 suscepit,
1651 2204 1780 2255 non
1810 2186 1992 2247 aliud
2018 2184 2221 2248 voluit
2249 2203 2446 2265 quam
2475 2185 2796 2260 roborare,
2818 2202 2958 2248 con·

823 2291 1081 2355 firmare
1124 2300 1186 2355 et
1232 2294 1575 2356 enucleare
1625 2294 1828 2356 simul
1867 2311 2284 2356 communem
2336 2294 2723 2357 sententiam
2760 2311 2957 2372 quam

821 2400 1173 2463 connubiis
1200 2402 1684 2464 accommodare
1725 2402 1928 2481 cupit.
1965 2426 1996 2459 α
2036 2401 2361 2464 Pout-etre
2406 2402 2662 2464 etait-ce
2702 2407 2957 2465 surtout

820 2524 905 2570 au
944 2509 1115 2587 sujet
1161 2508 1275 2570 des
1312 2509 1648 2586 questions
1687 2516 2079 2570 concernant
2123 2508 2503 2586 l’esclavage
2543 2515 2603 2570 et
2634 2508 2698 2570 la
2731 2508 2956 2571 liberte

819 2631 947 2693 que
966 2631 1070 2676 ces
1096 2613 1490 2676 hommes-la
1519 2615 1962 2693 pretendaient
1990 2617 2273 2694 imposer
2295 2615 2471 2677 leurs
2501 2615 2804 2695 opinions
2827 2633 2953 2677 aux

816 2730 1037 2785 autres
1076 2722 1401 2784 membres
1439 2723 1519 2784 de
1557 2722 1822 2801 l'Eglise
1860 2748 1887 2780 >2
1932 2722 2259 2785 concludit
2291 2722 2479 2785 Godet
2521 2745 2538 2782 .·
2584 2739 2765 2785 mera
2799 2739 2952 2786 con-

813 2829 1065 2909 jectura
1095 2828 1281 2892 nullo
1316 2829 1511 2891 verbo
1539 2830 1808 2909 quidem
1843 2848 1979 2908 cap.
2014 2829 2141 2891 VII
2173 2829 2574 2891 confirmata.

898 2937 1068 3000 Vera
1108 2944 1200 2997 τοῦ
1243 2936 1319 3018 μὴ
1367 2937 1568 3018 γίνεσθε
1621 2940 1794 2998 δοῦλοι
1847 2940 2135 3021 ἀνθρώπων
2187 2936 2577 3014 significatio
2640 2935 2798 2999 haec
2861 2944 2954 2999 est

816 3061 1015 3126 quam
1044 3045 1571 3119 commonstravi‚
1610 3062 1683 3106 ac
1719 3044 1825 3107 his
1856 3045 2522 3124 verbisaMarquar-dt
2548 3043 2900 3122 explicatur
2937 3069 2949 3104 ι

820 3177 849 3210 α
897 3153 1175 3215 Endlich
1221 3152 1510 3215 konnten
1558 3154 1766 3215 durch
1810 3154 1920 3215 eiu
1960 3151 2345 3214 rochtliches
2388 3151 2748 3215 Verfahren
2793 3151 2954 3214 freie

817 3258 1017 3322 Leute
1056 3258 1125 3319 in
1163 3259 1628 3322 Knechtscbaft
1663 3259 1995 3337 gorathen.
2052 3261 2128 3321 In
2166 3261 2332 3322 Rom
2377 3259 2573 3322 solbst
2618 3258 2770 3320 kam
2812 3259 2951 3321 dies

814 3365 1236 3428 bekanntlich
1283 3384 1397 3429 vor
1443 3366 1548 3428 bei
1585 3368 1733 3428 dem
1777 3366 2036 3442 Sohne‚
2086 3367 2208 3428 den
2263 3368 2405 3429 sein
2449 3367 2712 3444 eigener
2756 3366 2953 3428 Vater

732 3536 736 3539 ,
818 3471 1183 3549 verkaufte‚
1235 3473 1338 3535 bei
1371 3474 1517 3536 dern
1563 3491 1810 3550 nexuS,
1860 3475 1973 3536 der
2012 3492 2117 3534 am
2156 3475 2391 3535 dritten
2429 3473 2785 3551 Markttage
2810 3473 2951 3535 sich

814 3581 997 3644 nicht
1025 3581 1211 3656 leste,
1245 3581 1348 3643 bei
1384 3581 1821 3661 demjenigon‚
1854 3580 2137 3644 welehor
2168 3581 2309 3643 sich
2339 3582 2484 3643 dem
2517 3580 2769 3643 Census
2798 3581 2952 3643 oder

814 3690 962 3753 dem
1010 3689 1499 3767 Kriegsdiensto
1534 3697 1800 3768 ontzog‚
1844 3690 1998 3751 oder
2037 3688 2210 3764 sich,
2253 3707 2365 3750 um
2411 3690 2537 3750 den
2588 3688 2832 3752 Kaufer
2870 3707 2950 3751 zu

811 3798 1120 3876 betrugen
1147 3840 1164 3870 ,
1207 3797 1302 3858 als
1345 3795 1615 3859 Sclavon
1659 3796 1833 3859 hatte
1876 3794 2229 3858 verkaufen
2276 3796 2526 3871 lassen3
2578 3795 2775 3859 allein
2824 3796 2950 3860 wir

809 3899 1070 3966 konnen
1104 3904 1280 3966 diese
1314 3904 1486 3965 Faue
1526 3903 1672 3966 hier
1700 3902 2072 3981 ubergohen
2096 3950 2110 3977 ,
2161 3902 2243 3963 da
2287 3903 2383 3965 sie
2424 3902 2615 3965 theils
2646 3903 2760 3964 der
2792 3902 2946 3967 alte-

809 4028 923 4074 ren
961 4010 1099 4098 Zeit
1136 4010 1503 4089 angehoren
1534 4060 1548 4088 ‚
1588 4010 1782 4072 theils
1814 4009 2006 4071 einen
2051 4007 2346 4071 Verkauf
2383 4012 2450 4070 in
2495 4010 2609 4072 das
2650 4009 2947 4072 Ausland

809 4136 923 4181 zur
966 4119 1159 4198 Folge
1198 4117 1414 4180 hatten
1460 4119 1596 4181 und
1626 4117 1775 4179 dem
1810 4115 2178 4178 romischen
2213 4115 2718 4180 Sclaventhume
2753 4117 2947 4180 keine

809 4241 978 4288 neue
1015 4224 1242 4299 Quelle
1280 4224 1654 4287 eroffueten.
1702 4224 1781 4285 In
1830 4225 1944 4285 der
1978 4223 2339 4286 Provinzen
2386 4225 2673 4304 dagegen
2725 4225 2944 4288 hatten

810 4331 916 4395 die
945 4331 1402 4419 entsetzliehen
1434 4329 1982 4411 Bedruckungen‚
2018 4330 2264 4395 welche
2299 4332 2405 4395 die
2432 4332 2777 4397 Publiceni
2807 4332 2945 4394 und
