3559 5609
745 816 835 869 1⁴8
1686 816 1807 877 XV,
1844 816 1922 871 45.

742 952 900 997 esse.
940 933 1065 996 Sed
1095 933 1253 1014 quid
1289 950 1401 1017 pro
1440 934 1756 1013 corruptis
1797 942 1892 1003 est
1922 931 2408 1012 reponendum?
2441 932 2679 1011 Utrum
2707 931 2873 1009 efiwc

740 1045 814 1110 ὣς
843 1039 932 1122 (1)
964 1041 1254 1126 γέγραπται
1287 1064 1303 1080 ·
1335 1039 1541 1121 ἐγένετο
1579 1042 1698 1111 κτλ.
1718 1041 1748 1102 ἶ)
1782 1043 1884 1103 An
1922 1040 2089 1109 οὕτως
2116 1039 2291 1109 καθὼς
2322 1039 2736 1124 γίγραπται...ῗ
2765 1040 2869 1101 An

739 1148 905 1217 οὕτως
931 1148 1024 1210 καί
1041 1196 1059 1226 ,
1091 1154 1165 1218 ὥς
1187 1148 1556 1233 γέγροιτνιτιιιι...ι
1575 1148 1602 1211 ἲ

825 1256 1197 1336 Utcumque
1225 1273 1328 1316 res
1356 1256 1509 1333 erit,
1544 1256 1880 1319 restitutus
1911 1254 2115 1318 simili
2137 1255 2329 1321 modo
2358 1254 2536 1318 loeus
2566 1271 2679 1335 pro
2702 1259 2873 1317 textu

737 1381 776 1425 a
823 1360 1126 1425 Gebhardt
1166 1372 1420 1442 accepto
1464 1367 1511 1423 εἰ
1549 1362 1689 1424 ἔστιν
1732 1398 1811 1408 —
1842 1362 1981 1425 ἔστιν
2010 1362 2101 1424 καὶ
2137 1386 2328 1442 πνιυμ.
2376 1361 2464 1443 (v.
2511 1360 2615 1443 44.)
2656 1369 2878 1437 eontra

739 1479 982 1533 textum
1016 1470 1204 1533 Godet
1234 1470 1373 1531 ἔστιν
1397 1505 1475 1515 -
1501 1471 1594 1531 καί
1626 1474 1768 1532 ἐστιν
1797 1479 1957 1551 σῶμα
1989 1495 2180 1551 πνευμ.
2213 1470 2303 1551 (ν.
2338 1467 2442 1550 44)
2473 1467 2705 1546 litigat.
2749 1469 2876 1530 Ac·

738 1579 906 1641 cedit
930 1579 1090 1640 illud
1129 1598 1143 1639 ε
1181 1576 1371 1640 Godet
1399 1579 1628 1640 fatetur
1669 1580 1802 1657 ipse
1842 1596 2031 1661 suum
2064 1578 2478 1658 praecipuum
2527 1593 2876 1655 argumen-

741 1696 876 1749 tum
906 1688 1216 1749 adversus
1241 1686 1582 1749 lectionem
1615 1665 2129 1748 Ge'bhardtinam
2155 1702 2270 1766 per
2296 1704 2361 1747 se
2390 1685 2610 1748 minus
2640 1684 2877 1747 habere

739 1792 1162 1854 firmitudinis
1206 1817 1218 1852 ε
1273 1817 1301 1848 α
1357 1793 1458 1855 On
1502 1795 1793 1873 po‚ur1:ait
1842 1794 1984 1854 nier
2031 1808 2189 1871 sans„
2229 1792 2460 1870 doute,
2516 1816 2544 1848 ι
2599 1791 2874 1868 fatetur,

745 1924 772 1956 α
799 1919 924 1982 que
944 1900 1004 1963 le
1025 1903 1072 1961 εἰ
1093 1899 1203 1962 des
1234 1899 1675 1962 Alexandrins
1703 1900 1893 1965 doive
1919 1898 2053 1963 etre
2074 1901 2205 1980 pris
2234 1900 2396 1962 dans
2418 1899 2479 1962 le
2510 1917 2658 1961 sens
2682 1899 2879 1962 d'une

740 2025 1002 2087 preuve.
1059 2032 1087 2063 ι»
1130 2007 1315 2082 Quod
1360 2026 1583 2069 revera
1621 2009 1918 2073 facimus.
1972 2012 2070 2070 Ac
2100 2007 2283 2070 nullo
2318 2007 2506 2070 modo
2536 2024 2880 2070 censemus

742 2115 1022 2181 Paulum
1047 2162 1061 2188 ,
1103 2118 1155 2176 si
1189 2135 1289 2179 res
1320 2116 1634 2197 quasdam
1675 2117 1846 2181 inter
1881 2133 1948 2177 se
1988 2121 2232 2193 tantum
2270 2133 2640 2196 comparare
2669 2114 2879 2189 volue-

744 2222 863 2300 rit,
899 2239 1156 2287 neeesse
1185 2222 1486 2289 habuisse
1524 2226 1701 2303 καθώς
1740 2230 1851 2301 aut
1892 2222 2068 2306 ὥσπερ
2112 2241 2460 2304 usurpare,
2503 2223 2877 2303 praesertim

746 2347 896 2394 cnm
924 2335 998 2398 ὥς
1019 2379 1033 2406 ,
1067 2338 1257 2410 prout
1284 2332 1678 2413 conjecimus
1701 2380 1715 2407 ‚
1749 2331 1818 2392 in
1853 2349 1914 2392 v.
1949 2349 2082 2411 seq.
2114 2329 2249 2412 (45)
2277 2332 2655 2413 reperiatur.

829 2439 1147 2518 Equidem
1175 2438 1751 2521 quoqueextistinjio
1789 2436 1991 2527 ’ᾼδάψ
2021 2438 2190 2519 quod
2222 2446 2361 2520 post
2380 2446 2586 2522 πρῶτος
2613 2438 2881 2521 ἅνθρωπος

747 2543 1005 2629 legitur,
1036 2545 1399 2617 insiticium
1445 2563 1584 2607 esse
1626 2565 1640 2606 :
1692 2543 1987 2625 illudque
2028 2547 2298 2611 verbum
2341 2547 2762 2627 expunxerim
2815 2554 2882 2607 ut

747 2653 1396 2732 interpretamentum
1438 2653 1613 2716 verb.
1665 2665 1873 2736 πρῶτος
1923 2653 2210 2737 ἄνθρωπος.
2244 2655 2324 2716 In
2360 2674 2419 2716 v,
2455 2655 2556 2733 47,
2595 2657 2655 2721 A
2677 2655 2883 2717 KLP

742 2760 925 2840 juxta
954 2765 983 2820 ὁ
1012 2757 1245 2843 δεύτερος
1274 2758 1541 2843 ἅνθρωπος
1572 2759 1889 2824 scholium
1926 2762 2286 2840 marginale
2319 2768 2348 2823 ὁ
2376 2762 2547 2847 κύριος
2583 2763 2889 2839 insinua-¹

748 2874 1005 2944 verunt,
1045 2867 1215 2951 quod
1243 2868 1362 2951 alii
1390 2868 1638 2945 scribae
1667 2874 1729 2930 et
1762 2885 1913 2933 oum
1944 2869 2026 2930 iis
2064 2868 2371 2941 Gebhardc
2406 2878 2468 2933 et
2512 2870 2702 2937 Godet
2732 2874 2893 2953 jure¹

750 2983 1148 3054 spreverunt.

1659 3165 1817 3243 XV,
1863 3166 1961 3227 51.

835 3377 1197 3440 Probabilis
1231 3378 1486 3441 videtur
1531 3379 1947 3457 Diestelmann
1992 3382 2017 3464 (
2032 3382 2415 3448 Jahrbitcher
2455 3383 2566 3467 Γᾶν
2607 3386 2887 3451 deutsche

765 3483 1074 3565 Theoloyie
1095 3533 1109 3560 ,
1147 3485 1325 3566 1865)
1355 3489 1753 3567 conjectura,
1793 3491 1958 3553 miro
1997 3493 2276 3572 quodam
2306 3510 2454 3557 casu
2487 3513 2525 3556 a
2555 3495 2745 3558 Godet
2771 3515 2886 3559 ne-

754 3591 959 3672 glecta
1003 3610 1121 3655 nee
1166 3602 1297 3656 tam
1344 3601 1706 3675 contempta
1735 3615 1935 3683 quam
1973 3600 2289 3678 ignorata.
2333 3602 2576 3665 Paulus
2612 3606 2886 3685 scripse-

756 3708 855 3762 rat
887 3719 901 3762 :
933 3701 1122 3769 πάντες
1139 3746 1155 3776 ,
1189 3702 1240 3761 οἳ
1272 3702 1334 3762 οὐ
1361 3703 1790 3785 κοιμηθησόμεθα
1812 3754 1826 3782 ,
1859 3707 2050 3776 πάντες
2082 3708 2137 3769 δὲ
2165 3710 2576 3793 ἀλλαγησόμεθα
2602 3714 2722 3775 κτλ.

1610 3925 1808 4003 XVI,
1854 3925 2021 3992 9-10.

838 4134 906 4196 Si
938 4136 1085 4215 quis
1130 4136 1457 4215 vulgatam
1499 4138 1846 4203 lectionem
1893 4140 2239 4220 diligenter
2270 4146 2662 4225 perpendere
2693 4145 2885 4222 velit,

817 4392 881 4456 (1)
914 4392 995 4442 cf.
1031 4393 1059 4441 2
1086 4393 1233 4455 eor„
1269 4396 1361 4458 IX,
1397 4399 1438 4446 5.
