3559 5609
738 836 826 886 100
1687 832 1793 893 ῙΧ,
1828 832 1907 884 23.

731 958 837 1020 cut
866 967 1141 1030 sequens
1175 956 1573 1029 praeceptum
1607 947 1756 1030 (XI,
1796 949 1857 1031 1)
1876 949 2156 1013 ostendit
2183 967 2221 1010 a
2254 948 2458 1011 Paulo
2487 947 2861 1011 Corinthios

732 1075 989 1137 quoque
1020 1054 1301 1129 suaderi,
1338 1062 1409 1115 ut
1434 1063 1906 1134 persequantur
1941 1072 2070 1116 non
2111 1054 2407 1131 salutem,
2443 1056 2553 1117 sed
2583 1056 2862 1135 peculia-

709 1165 824 1247 ria
858 1161 1211 1224 commoda.
1245 1193 1324 1205 —
1357 1161 1434 1220 In
1472 1160 1616 1221 totis
1647 1178 1784 1240 cap.
1820 1160 2016 1222 IX·X
2037 1206 2054 1236 ,
2088 1161 2166 1222 de
2194 1159 2394 1223 salute
2431 1162 2569 1241 ipso
2613 1164 2866 1243 proprie

732 1287 860 1331 non
903 1269 1138 1346 agitur.
1195 1267 1453 1327 Fatetur
1499 1266 1621 1328 hoc
1664 1266 1745 1327 de
1793 1267 1853 1328 X
1883 1315 1897 1342 ,
1941 1268 2010 1328 12
2062 1266 2285 1342 θοάεἰ,
2323 1268 2559 1347 quippe
2599 1268 2715 1348 qui
2748 1269 2862 1330 de-

727 1375 924 1437 claret
947 1373 1135 1435 verba
1160 1371 1398 1449 ἑστάναι,
1424 1373 1633 1432 πίπτειν
1658 1390 1790 1435 non
1816 1375 2058 1451 gratiae
2080 1381 2192 1435 aut
2218 1373 2658 1436 damnationis
2684 1375 2863 1438 habi·

728 1489 864 1543 tum
892 1530 905 1556 ‚
964 1480 1071 1541 sed
1126 1478 1453 1540 fidelitatis
1506 1489 1618 1541 aut
1665 1481 1907 1560 peccati
1956 1479 2269 1544 indicare.
2325 1483 2626 1544 Attamen
2679 1481 2869 1544 Godet

725 1589 794 1649 in
830 1587 947 1663 lx,
985 1586 1156 1649 23-Χ
1182 1632 1200 1661 ,
1247 1587 1323 1647 22
1367 1585 1796 1667 deprehendit
1842 1610 1871 1643 α
1915 1586 1980 1649 la
2027 1588 2325 1667 question
2369 1588 2743 1652 consideree
2781 1608 2860 1652 au

727 1695 907 1774 point
936 1694 1017 1756 de
1043 1711 1168 1755 vue
1198 1693 1285 1755 du
1326 1693 1494 1755 salut
1531 1695 1642 1756 des
1685 1694 1841 1757 forts
1876 1693 2294 1757 eux-memes.
2331 1718 2362 1751 »
2401 1694 2668 1759 Sed-hic
2701 1712 2863 1776 quo-

623 1848 632 1856 .
729 1819 855 1880 que
886 1801 1245 1879 pugnantia
1288 1799 1456 1871 inter
1486 1818 1553 1862 se
1583 1801 1827 1863 scribit.
1871 1800 2106 1863 Nonne
2135 1802 2415 1863 affirmat
2447 1800 2535 1884 (p.
2583 1799 2683 1882 68)
2722 1819 2862 1864 ver-

728 1910 882 1970 bum
916 1907 1091 1989 τρέχω
1125 1906 1271 1988 (ΙΧ,
1308 1905 1408 1987 24)
1444 1908 1788 1985 designare
1831 1931 1860 1964 ιι
1899 1907 1961 1970 le
1993 1908 2255 1987 progres
2284 1907 2448 1970 dans
2482 1908 2544 1969 la
2577 1908 2863 1969 sanctifi-

727 2016 936 2078 cation
990 2014 1367 2076 chretienne
1415 2016 1494 2073 »⁴2
1544 2016 1709 2092 Ergo
1755 2032 1980 2077 omnes
2031 2017 2144 2094 qui
2201 2025 2472 2077 currunt
2522 2014 2861 2077 christiani

730 2132 900 2184 sunt.
941 2122 1307 2183 Aemulatio
1338 2122 1511 2182 inter
1544 2120 1931 2185 christianos
1965 2131 2211 2185 tantum
2254 2122 2618 2184 intercedit.
2657 2122 2860 2203 Opore

735 2239 817 2292 tet
862 2238 1122 2290 strenue
1173 2228 1600 2291 christianum
1641 2249 1931 2305 currere,
1977 2248 2106 2293 non
2150 2239 2220 2292 ut
2259 2231 2474 2292 salvus
2514 2230 2626 2291 fiat
2658 2229 2862 2311 (salus

730 2338 996 2400 demum
1028 2338 1427 2398 amitteretur
1456 2338 1509 2398 si
1541 2339 1809 2399 omnino
1838 2355 1964 2399 non
1993 2335 2407 2417 curreretur),
2439 2336 2547 2399 sed
2583 2346 2651 2398 ut
2678 2354 2860 2417 prae-

731 2445 969 2507 claram
1008 2445 1351 2522 quamdam
1392 2462 1465 2504 ac
1509 2444 1909 2522 singularem
1945 2445 2374 2506 conditionem
2408 2451 2857 2531 consequatur.

729 2585 808 2598 —-
852 2551 945 2625 Si,
979 2551 1326 2611 verborum
1360 2551 1702 2629 συγκοινωνὸς
1730 2554 1894 2610 αὓτοῦ
1925 2551 2160 2631 γένωμαι
2194 2552 2663 2631 aliquantisper
2698 2550 2858 2614 Obli-

732 2667 873 2734 tus,
910 2657 1110 2717 finem
1149 2673 1287 2736 cap.
1325 2657 1424 2717 IX
1473 2674 1621 2718 cum
1668 2658 1769 2718 III
1796 2705 1810 2732 ‚
1855 2657 2030 2718 10-15
2079 2660 2354 2734 confere,
2388 2658 2609 2720 nullus
2638 2659 2860 2721 dubito

729 2766 889 2846 quin
925 2763 1421 2825 similitudinem
1465 2766 1815 2826 maximam
1855 2765 2301 2845 deprehendas
2330 2766 2439 2847 (cf.
2473 2766 2749 2847 δοκιμάσει
2780 2801 2858 2811 -

728 2871 1014 2952 ἀδόκιμος,
1063 2871 1244 2950 μισθὸν
1288 2870 1398 2952 ἔχω
1438 2904 1519 2918 -—
1557 2872 1738 2951 μισθὸν
1769 2872 2074 2955 λήμψεται,
2106 2873 2318 2956 χρυσίον
2350 2871 2588 2957 ἀργύριον
2627 2877 2746 2935 κτλ.
2778 2904 2860 2922 —-

726 2977 976 3059 ἀδόκιμος
1005 2997 1100 3057 pr.
1135 2978 1213 3039 de
1248 2977 1527 3039 metallis
1554 2987 1616 3040 et
1649 2978 1927 3041 monetis
1958 2979 2274 3060 (Grimm).

804 3085 906 3147 Ad
938 3086 1131 3147 verba
1160 3096 1220 3145 v,
1259 3084 1332 3147 23
1367 3086 1733 3147 redeamus,
1770 3086 2014 3166 Utique
2048 3087 2428 3165 corrigenda
2463 3094 2637 3152 sunt.
2674 3089 2854 3164 Quo-

723 3192 913 3255 modo
956 3201 1171 3253 autem
1221 3209 1349 3253 non
1392 3192 1617 3272 liquet.
1665 3193 1958 3257 Forsitan
2003 3194 2550 3273 transponendum
2601 3219 2614 3256 :
2656 3196 2736 3263 τίς
2768 3187 2857 3256 οῧν

720 3335 799 3347 -
826 3306 854 3360 ὃ
884 3298 1088 3378 μισθός,
1114 3299 1198 3358 ἵνα
1229 3300 1562 3367 συνκοινωνὸς
1590 3302 1753 3360 αὐτοῦ
1775 3300 2036 3381 γένωμαι,
2067 3306 2121 3362 εἷ
2151 3300 2239 3382 μὴ
2271 3303 2341 3362 τὸ
2371 3301 2453 3383 μὴ
2481 3303 2857 3385 καταχρήσασ-

716 3412 802 3468 θαι
829 3439 909 3452 --
936 3411 1012 3488 τῷ
1046 3405 1336 3489 εὐαγγελίῳ
1361 3453 1378 3481 ,
1413 3405 1498 3466 ἵνα
1531 3409 1713 3488 εὖαγγ.
1749 3441 1830 3455 -
1855 3409 1917 3469 τὸ
1950 3408 2249 3489 εὐαγγέλιον
2281 3404 2370 3490 (v.
2412 3408 2532 3491 18).
2569 3411 2648 3470 In
2682 3431 2739 3473 v.
2780 3410 2853 3473 23

716 3514 1061 3591 legendum
1100 3538 1112 3573 :
1151 3514 1324 3573 πάντα
1353 3511 1409 3574 δὲ
1441 3524 1577 3574 ποιῶ
1606 3514 1691 3575 διὰ
1719 3515 1781 3576 τὸ
1811 3515 2111 3597 εὐαγγέλιον
2142 3515 2165 3598 (
2174 3517 2249 3593 1).
2282 3518 2401 3576 Οὐκ
2433 3517 2686 3579 οἴδατε...
2716 3517 2852 3580 'Ob-

709 3621 827 3700 jici
867 3621 1055 3682 modo
1088 3628 1290 3699 potest
1334 3620 1706 3689 συνκοινωνός
1754 3640 1885 3683 non
1932 3622 2121 3702 plane
2169 3624 2263 3683 sic
2301 3622 2582 3701 intelligi
2638 3642 2653 3686 ι
2705 3622 2853 3685 vide

718 3735 934 3788 tamen
969 3728 1159 3789 Rom.
1183 3772 1201 3801 ,
1239 3726 1358 3803 XI,
1403 3729 1497 3788 17.
1534 3729 1624 3790 At
1655 3729 1711 3789 si
1745 3728 2154 3808 transpositio
2182 3714 2584 3805 admittitur,
2617 3730 2851 3792 melius

717 3836 841 3898 erit
867 3835 1211 3898 lectionem
1249 3837 1389 3916 byz.
1425 3842 1579 3895 τοῦτο
1608 3837 1791 3917 sequi
1828 3856 1841 3898 ε
1872 3848 2035 3896 τοῦτο
2057 3835 2224 3916 (scil.
2262 3837 2324 3897 τὸ
2350 3847 2461 3905 τοῖς
2489 3848 2648 3898 πᾶσιν
2678 3840 2850 3900 πάντα

712 3943 963 4025 γίνεσθαι)
996 3943 1053 4004 δὲ
1077 3955 1214 4004 ποιῶ
1239 3942 1323 4004 διὰ
1356 3944 1417 4004 τὸ
1447 3944 1771 4025 εὐαγγέλιον.

793 4052 875 4116 V.
902 4050 976 4113 23
1000 4051 1192 4114 talem
1214 4069 1466 4112 servare
1488 4058 1662 4130 potes
1684 4051 1895 4131 qualis
1917 4051 1986 4111 in
2005 4051 2077 4113 T.
2103 4053 2184 4114 R.
2204 4051 2462 4131 legitur,
2487 4072 2560 4116 ea
2581 4054 2847 4118 demum

711 4158 853 4236 lege
901 4167 976 4221 ut
1014 4158 1293 4236 corrigas
1335 4157 1419 4218 ἵνα
1459 4157 1801 4218 συνκοινωνοὶ
1830 4158 1996 4219 αὐτοῦ
2033 4158 2285 4239 γένωνται
2318 4160 2484 4241 (soil.
2521 4164 2569 4221 οἳ
2603 4160 2843 4245 πάντες).

775 4383 841 4449 (1)
872 4382 953 4436 cf.
987 4382 1053 4443 x,
1086 4383 1161 4434 31.
