3559 5609
778 832 840 891 92
893 802 923 895 s
1686 830 1993 895 vm‚1-9.

780 971 814 1009 ι
845 948 934 1015 Le
959 939 1052 1011 οὖν
1075 948 1164 1029 (v.
1199 949 1266 1030 4)
1290 949 1560 1031 indique
1588 949 1652 1013 la
1683 950 1932 1032 reprise
1964 951 2045 1014 de
2073 951 2134 1014 la
2164 953 2399 1033 phrase
2427 953 2900 1033 interrompue‚

777 1042 941 1118 mais
970 1072 1123 1119 avec
1151 1063 1312 1120 cette
1338 1056 1687 1122 difference
1711 1057 1907 1140 qu'au
1948 1058 2068 1140 fait
2100 1060 2182 1123 de
2222 1060 2285 1122 la
2320 1060 2784 1123 connaissance
2817 1058 2906 1142 (le

777 1172 969 1244 γνῶσιν
997 1161 1185 1246 ἔχειν),
1218 1162 1383 1226 Paul
1410 1163 1748 1242 substitue,
1780 1181 2035 1229 comme
2066 1166 2239 1247 objet
2267 1167 2354 1229 du
2382 1183 2539 1229 nous
2562 1183 2815 1244 savons,
2845 1165 2910 1228 le

777 1280 1038 1334 contem
1079 1271 1161 1334 de
1204 1277 1365 1334 cette
1406 1272 1893 1349 connaissance.
1940 1297 1970 1329 »
2022 1273 2230 1352 Igitur
2267 1272 2563 1336 concedit
2610 1271 2801 1336 Godct
2828 1307 2906 1318 —

776 1377 949 1459 quod
987 1378 1227 1444 frustra
1273 1384 1538 1458 negaret
1562 1411 1646 1427 -
1672 1389 1865 1460 γνῶσιν
1905 1378 1985 1442 de
2027 1397 2154 1460 qua
2202 1380 2276 1441 in
2307 1399 2367 1441 v,
2414 1380 2438 1441 1
2483 1380 2730 1458 agitur,
2766 1397 2909 1442 eam

775 1488 965 1565 γνῶσιν
1002 1502 1141 1548 esse
1175 1503 1346 1565 quae¹
1382 1486 1594 1549 verbis
1632 1486 1980 1577 definiatur
2008 1505 2023 1549 :
2060 1487 2275 1568 οἴδαμεν
2310 1485 2392 1549 ὅτι
2433 1484 2579 1548 οὐδὲν
2616 1485 2905 1550 εἴδωλον...

777 1591 1087 1657 Concedit
1120 1594 1449 1656 notionem
1480 1592 1552 1654 in
1597 1612 1652 1654 v.
1703 1593 1806 1654 4-6
1849 1593 2154 1675 explicari
2183 1611 2408 1675 quam,
2445 1601 2516 1656 ut
2544 1594 2685 1675 ejus
2717 1593 2910 1656 verba

776 1700 1223 1777 adhibeamuS‚
1248 1717 1365 1764 vox
1395 1699 1509 1762 illa
1531 1705 1721 1781 γνῶσιν
1748 1702 2059 1765 continet.
2093 1702 2191 1764 De
2216 1701 2439 1765 eadem
2467 1701 2668 1780 igitur
2694 1702 2909 1780 cogni·

780 1808 955 1872 tione
982 1816 1045 1871 et
1079 1828 1141 1870 v.
1174 1809 1208 1868 7
1240 1816 1305 1871 et
1332 1827 1390 1870 v.
1433 1808 1461 1869 1
1498 1807 1851 1871 disserunt.
1885 1806 2049 1871 Cum
2077 1817 2296 1871 autem
2324 1828 2382 1870 v.
2421 1809 2458 1869 7
2487 1806 2747 1887 longius
2786 1810 2908 1870 cir-

779 1915 1112 1979 cumducit
1144 1914 1263 1997 (1),
1297 1917 1351 1977 si
1382 1915 1508 1977 sibi
1537 1916 1674 1994 ipse
1708 1932 1843 1977 non
1876 1917 2292 1992 contradicit,
2323 1922 2390 1977 at
2422 1914 2652 1978 saltem
2684 1915 2908 1980 textui.

779 2022 954 2085 Dicit
1003 2021 1246 2085 Paulus
1293 2046 1307 2083 ε
1354 2023 1452 2083 οὐκ
1495 2022 1670 2100 ἔστιν,
1719 2022 1911 2086 Godet
1954 2032 2171 2087 autern
2219 2024 2678 2103 interpretatur
2711 2048 2724 2085 z
2759 2023 2906 2098 ἐστί,

777 2161 859 2175 -
889 2128 1187 2209 quamvis
1215 2130 1494 2210 profecto
1518 2147 1651 2193 non
1683 2130 2035 2213 explicetur
2064 2131 2344 2195 necdum
2373 2131 2746 2193 accreverit.

861 2236 1191 2315 DialoguS,
1223 2254 1353 2316 quo
1382 2237 1524 2299 sine
1553 2238 1854 2317 aenigma
1885 2256 2111 2303 verum
2143 2247 2238 2301 est
2266 2240 2389 2302 hoc
2417 2256 2580 2319 cap„
2611 2238 2703 2300 ita
2732 2238 2909 2301 resti·

782 2343 1057 2406 tuendus
1089 2353 1227 2407 est:
1469 2344 1472 2347 ’

861 2451 1179 2514 Corinthii.
1214 2485 1293 2499 -
1329 2452 1420 2514 De
1465 2452 1696 2516 hostiis
1729 2461 1947 2516 autem
1991 2470 2161 2533 quae
2204 2452 2394 2517 idolis
2433 2452 2906 2528 sacrificantur,

781 2558 1020 2621 scimus
1049 2576 1276 2623 omnes
1306 2577 1421 2623 nos
1453 2561 1798 2623 scientiam
1830 2561 2092 2623 habere.
2546 2620 2551 2623 Α

862 2664 1118 2728 Paul-us.
1149 2699 1229 2712 -
1259 2667 1542 2730 Scientia
1587 2667 1806 2744 inflat,
1846 2668 2079 2730 caritas
2113 2685 2263 2730 vero
2297 2666 2614 2729 aedificat.
2649 2666 2724 2729 Si
2760 2666 2909 2745 quis

781 2782 997 2836 autem
1022 2792 1090 2836 se
1112 2773 1439 2837 existimat
1467 2775 1632 2837 scire
1660 2773 1937 2857 aliquid,
1963 2777 2255 2840 nondum
2284 2776 2584 2854 cognovit
2610 2773 2913 2854 quemad-

781 2881 1048 2943 modum
1075 2890 1360 2964 oporteat
1389 2901 1540 2945 eum
1574 2883 1759 2947 scire.
1787 2882 1860 2946 Si
1879 2884 2027 2966 quis
2054 2892 2272 2946 autem
2303 2881 2522 2961 diligit
2540 2883 2775 2957 Deum,
2803 2881 2914 2943 hic

781 2988 1076 3066 cognitus
1104 2996 1199 3051 est
1226 2989 1307 3051 ab
1337 3007 1436 3052 eo.
2780 3072 2785 3076 .

864 3094 1185 3158 corinthii.
1229 3128 1308 3140 —
1351 3096 1450 3158 De
1492 3113 1686 3158 carne
1729 3104 1947 3160 autem
1981 3078 2342 3163 hostiarum
2370 3112 2535 3176 quae
2564 3093 2754 3158 idolis
2784 3095 2909 3156 im-

783 3202 1142 3279 molantur,
1176 3204 1419 3266 scimus
1451 3201 1617 3266 nihil
1649 3221 1790 3266 esse
1821 3204 2072 3268 idolum
2107 3204 2180 3265 in
2213 3204 2490 3280 mundo,
2528 3200 2915 3280 nullumque

784 3326 920 3371 esse
954 3310 1202 3385 Deum,
1252 3309 1383 3395 nisi
1423 3328 1651 3375 unum.
1690 3312 1861 3374 Nam
1898 3312 2018 3374 etsi
2061 3318 2212 3374 sunt
2258 3312 2371 3392 qui
2404 3311 2705 3373 dicantur
2726 3308 2907 3372 dii...

785 3415 972 3477 nobis
1004 3423 1221 3476 tamen
1253 3433 1420 3483 unus
1449 3418 1699 3480 Deus...
1730 3425 1794 3480 et
1824 3436 1995 3481 unus
2025 3418 2344 3481 Dominus
2366 3417 2559 3500 (4-6).

865 3519 1117 3583 Paula-⁹.
1150 3554 1231 3569 -
1260 3523 1386 3586 Sed
1416 3541 1548 3586 non
1580 3524 1652 3585 in
1682 3526 1989 3587 omnibus
2020 3533 2115 3587 est
2145 3526 2432 3588 scientia.
2469 3524 2751 3601 Quidam
2794 3541 2913 3585 au-

788 3636 914 3690 tem
953 3646 1102 3691 cum
1138 3631 1538 3693 conscientia
1578 3648 1785 3711 usque
1820 3649 1995 3694 nunc
2030 3631 2220 3707 idoli,
2257 3631 2446 3711 quasi
2479 3629 2914 3710 idolothytum

785 3736 1221 3814 manducant3
1261 3746 1323 3800 et
1355 3739 1749 3801 conscientia
1790 3739 2076 3820 ipsorum
2119 3755 2267 3800 cum
2314 3740 2397 3800 sit
2436 3738 2735 3812 infirma,
2775 3735 2912 3816 pol-

781 3840 1003 3905 luitur.

864 3952 1180 4016 Corinthii.
1213 3987 1290 4007 -·-
1311 3956 1469 4017 Esca
1498 3963 1713 4017 autem
1746 3970 1866 4017 nos
1899 3972 2030 4017 non
2061 3956 2473 4019 commendat
2500 3956 2660 4022 Deo,
2684 3957 2916 4036 Neque

844 4221 909 4285 (1)
944 4237 968 4268 «
999 4220 1157 4272 Gette
1187 4222 1586 4273 connaissance
1616 4221 2009 4282 monotheiste,
2042 4221 2312 4285 possedee
2347 4236 2446 4285 par
2475 4235 2619 4271 nous
2651 4225 2797 4282 tous,
2830 4220 2918 4269 n'a

783 4323 881 4372 pas
925 4324 1125 4360 encore
1164 4310 1400 4374 deploye
1441 4312 1578 4360 dans
1617 4313 1671 4360 la
1716 4311 2047 4363 conscience
2088 4312 2157 4367 de
2199 4316 2326 4365 tous
2367 4315 2552 4366 tontes
2588 4325 2676 4365 ses
2717 4309 2916 4366 conse-

783 4411 1028 4463 quences
1056 4416 1081 4445 n
1115 4399 1187 4463 (p.
1226 4398 1319 4462 18).
1548 4393 1556 4401 “
