3559 5609
1540 822 1643 886 vx,
1682 821 1757 873 ιε.
2560 798 2569 806 “
2656 801 2717 866 57

580 950 869 1024 videtur3
908 964 982 1011 ac
1016 952 1155 1026 post
1196 945 1390 1008 verba
1417 944 1472 1004 ὴ
1503 943 1708 1023 πνεῦμά
1739 943 1881 1001 ἐστιν
1919 938 2006 1021 (ν.
2049 935 2148 1018 17)
2182 940 2402 998 notam
2433 934 2715 996 interro·

580 1057 863 1137 gationis
891 1054 984 1137 (ς)
1017 1052 1455 1131 reponendam
1486 1057 1659 1130 puto.
1705 1048 2129 1110 Manifestum
2161 1051 2291 1119 est,
2326 1059 2431 1105 me
2455 1041 2711 1122 judice,

579 1165 708 1225 duo
747 1161 1036 1225 membra
1080 1177 1247 1240 quae
1286 1176 1438 1221 cum
1477 1163 1506 1218 ὁ
1542 1155 1876 1237 κολλώμενος
1919 1152 2367 1231 incipiuntur,
2417 1149 2710 1230 ejusdem

584 1271 916 1350 uniusque
946 1268 1194 1348 periodi
1225 1265 1536 1329 articulos
1565 1264 1891 1343 oppositos
1921 1277 2081 1323 esse.

1508 1479 1632 1553 VI,
1686 1478 1817 1555 18„

664 1703 742 1766 V.
788 1700 980 1763 illum
1010 1717 1206 1779 quem
1255 1699 1549 1761 nondum
1590 1695 1928 1757 commode
1979 1692 2280 1771 expedire
2325 1694 2715 1771 potuerunt,

587 1810 880 1888 suspicor
900 1826 1039 1871 esse
1056 1813 1455 1885 corruptum.
1485 1805 1780 1866 Fortasse
1804 1818 2073 1863 manum
2103 1798 2293 1861 Pauli
2322 1798 2718 1878 reperiemus

588 1917 939 1978 scribentes
1001 1934 1013 1975 :
1071 1924 1173 1974 πᾶν
1220 1912 1248 1972 ὃ
1299 1911 1389 1972 ἐὰν
1434 1911 1632 1991 ποιήσῃ
1676 1910 1940 1991 ἄνθρωπος
1987 1911 2048 1968 ἐκ
2085 1906 2271 1967 τούτου
2305 1913 2397 1965 τοῦ
2436 1904 2718 1984 σώματος,

588 2024 876 2108 ἁμάρτημά
907 2027 1046 2084 ἐστιν
1074 2023 1199 2104 (Cf.
1237 2019 1712 2097 ἐξουσιασθήσομαι
1751 2036 1808 2076 v,
1850 2018 1917 2076 12
1956 2022 2015 2078 et
2046 2015 2331 2086 ἐξουσιάζει
2361 2034 2420 2074 V.
2456 2015 2614 2088 Vll,
2647 2013 2716 2085 4,

585 2131 713 2192 ἴδιον
746 2140 904 2210 σῶμα
936 2150 993 2190 V.
1038 2130 1164 2204 VI,
1209 2128 1278 2189 18
1319 2135 1378 2190 et
1410 2125 1571 2201 VII,
1622 2126 1704 2201 4.)
1744 2123 1825 2185 In
1853 2122 2039 2184 τούτου
2083 2129 2174 2182 τοῦ
2205 2125 2457 2201 σώματος
2490 2121 2638 2181 latet
2668 2119 2721 2179 ἓν

588 2244 747 2318 σῶμα
777 2258 836 2299 ν.
878 2237 1014 2312 VI,
1066 2237 1157 2298 16.
1202 2233 1677 2313 Explicandum
1721 2233 1781 2293 ἐκ
1826 2232 1994 2294 sicut
2025 2231 2095 2291 in
2128 2230 2345 2305 Rom,
2383 2230 2577 2304 XIV,
2619 2226 2716 2290 23.

590 2346 1042 2409 Fornicatione
1076 2350 1274 2406 totam
1306 2343 1505 2402 vitam
1549 2359 1737 2403 suam
1785 2340 2085 2401 homines
2130 2338 2251 2400 sub
2295 2338 2612 2404 ditionem
2662 2341 2723 2397 et

588 2453 776 2533 quasi
809 2453 878 2512 in
911 2451 1281 2515 dominium
1314 2449 1552 2528 peccati
1589 2454 1861 2527 ponunt.

674 2560 812 2622 Hoc
848 2558 1093 2638 posito,
1134 2573 1263 2619 non
1309 2573 1414 2618 me
1460 2562 1642 2618 teneo
1678 2554 1842 2634 quin
1876 2552 2365 2632 oppositionem
2411 2552 2580 2613 inter
2622 2549 2723 2611 18·

592 2675 651 2731 et
706 2667 807 2728 181³
852 2674 1145 2729 Constare
1191 2682 1489 2726 censeam
1548 2688 1560 2723 ε
1603 2664 1895 2745 ἁμάρτημα
1944 2696 2020 2706 -—
2067 2661 2388 2744 ἁμαρτάνει,
2438 2659 2589 2728 ἐκτὸς
2634 2664 2724 2719 τοῦ

592 2775 838 2856 σώματος
867 2808 945 2821 -
983 2778 1056 2842 εἷς
1089 2773 1151 2835 τὸ
1186 2772 1314 2833 ἴδιον
1358 2780 1539 2852 σῶμα.
1574 2756 2137 2849 Corrigendumne
2172 2770 2373 2848 igitur
2405 2779 2508 2829 πᾶν
2544 2769 2723 2853 ἁμάρ-

594 2908 737 2963 τημα
788 2882 816 2942 ὃ
871 2881 961 2942 ἐὰν
1020 2882 1215 2962 ποιήσῃ
1265 2881 1532 2959 ἄνθρωπος
1556 2929 1569 2954 ,
1624 2880 1879 2950 <οὐκ>
1932 2879 2080 2946 ἐκτὸς
2126 2884 2217 2938 τοῦ
2264 2875 2514 2957 σώματός
2545 2877 2725 2937 ἐστινῩ

598 2989 934 3051 Structura
991 2989 1132 3067 ipsa
1188 2988 1434 3066 periodi
1507 2986 1697 3049 talem
1760 2988 2200 3066 conjecturam
2270 2985 2535 3066 subjicit
2596 2983 2726 3064 (πᾶν

599 3098 796 3179 ἅμαρτ.
820 3094 962 3176 κτλ).
997 3098 1112 3154 Οὐκ
1137 3112 1515 3157 evanescere
1549 3093 1738 3156 facile
1760 3094 1968 3172 potuit
1996 3094 2166 3156 inter
2198 3092 2347 3162 ἐκτός
2374 3100 2433 3155 et
2462 3092 2727 3176 ἄνθρωπος

600 3204 680 3284 (ος
715 3229 793 3254 ==
821 3226 911 3279 ου,
942 3226 1072 3262 ο--τ
1099 3227 1124 3262 ε
1168 3234 1251 3249 -
1293 3203 1489 3283 Basl).
1536 3203 1674 3264 Hoc
1720 3201 1997 3263 habebat
2050 3202 2119 3263 in
2166 3208 2380 3263 mente
2426 3200 2673 3261 Paulus
2708 3218 2722 3259 ε

601 3311 856 3374 nullum
890 3318 1217 3390 peccatum
1254 3311 1398 3373 sine
1428 3328 1690 3389 corpore
1722 3318 1816 3374 est
1829 3330 1847 3386 3
1882 3310 2141 3372 nullum
2172 3310 2367 3372 homo
2401 3307 2728 3373 contrahit

595 3427 962 3501 peccatum,
1024 3436 1155 3481 non
1215 3436 1477 3497 corpore
1533 3419 1601 3479 in
1663 3419 2129 3481 conscientiam
2189 3419 2427 3496 peccati
2484 3418 2727 3481 adscito

596 3528 795 3611 (quod
845 3528 1114 3590 omnino
1150 3528 1231 3589 de
1277 3527 1624 3607 quibusvis
1661 3528 1936 3606 peccatis
1973 3545 2197 3590 verum
2241 3526 2361 3609 est)
2391 3525 2500 3606 (1).
2541 3529 2624 3588 At
2657 3528 2726 3586 in

596 3625 1022 3706 fornicatione
1061 3652 1294 3713 corpus
1348 3652 1479 3696 non
1527 3635 2040 3720 instrumentum
2088 3635 2301 3697 solum
2346 3641 2458 3696 aut
2508 3639 2730 3696 auctor

597 3743 858 3824 peccati,
896 3744 1007 3805 sed
1038 3743 1235 3804 etiam
1269 3742 1533 3804 victima
1550 3749 1663 3804 est.
1702 3742 1915 3803 Simul
1938 3759 2198 3820 unaque
2231 3766 2258 3796 α
2296 3741 2659 3819 subjectum
2700 3766 2724 3791 »

599 3858 789 3930 atque
827 3874 854 3906 <t
891 3851 1216 3930 objectum
1260 3874 1286 3905 n
1322 3850 1561 3929 peccati
1601 3856 1716 3925 est,
1751 3849 1909 3928 quia
1942 3856 2002 3910 et
2050 3848 2204 3910 facit
2251 3855 2312 3909 et
2344 3848 2604 3926 patitur.
2652 3880 2730 3892 --

598 3958 1093 4021 Animadvertes
1149 3958 1434 4020 Paulum
1498 3976 1627 4020 non
1700 3958 1914 4019 dicere
1975 3956 2471 4018 fornicationem
2534 3953 2731 4018 solam

601 4065 764 4127 illud
794 4082 935 4127 esse
964 4071 1290 4144 peccatum
1323 4084 1453 4146 quo
1482 4067 1793 4128 adversus
1824 4083 1891 4127 se
1923 4066 2140 4144 ipsum
2175 4070 2388 4142 peccet
2418 4070 2722 4142 peccator.

663 4307 727 4370 (1)
758 4306 841 4358 cf.
874 4307 904 4356 2
938 4306 1086 4366 Cor„
1119 4307 1188 4366 V,
1225 4306 1280 4356 10
1311 4321 1321 4354 ε
1355 4322 1378 4352 «
1497 4308 1576 4358 ἵνα
1601 4308 1869 4371 κομίσηται
1899 4309 2106 4364 ἕκαστος
2140 4309 2211 4356 τὰ
2244 4307 2345 4357 διὰ
2378 4312 2484 4357 τοῦ
2521 4308 2731 4374 σώμα-

601 4415 700 4454 τος
731 4399 849 4463 πρὸς
876 4399 909 4446 ὀὶ
935 4398 1139 4462 ἔπραξεν
1172 4397 1272 4446 εἴτε
1301 4398 1480 4459 ἀγαθὸν
1513 4398 1611 4447 εἴτε
1642 4400 1845 4461 φαῦλον.
1880 4414 1902 4443 ι)
