3559 5609
774 856 837 906 86
1177 860 1183 867 “
1670 852 1771 901 VII
1790 891 1802 912 ,
1838 852 2008 903 25-38.

857 973 1072 1032 Lectio'
1106 969 1380 1031 aliorum
1412 969 1549 1031 cod.
1589 967 1672 1049 (D
1698 969 1745 1030 F
1767 967 1843 1044 G)
1875 968 1982 1028 τὸν
2010 967 2230 1047 κόσμον
2258 975 2445 1028 τοῦτον
2476 968 2729 1029 videtur
2762 984 2906 1046 pos-

773 1078 967 1140 terior
996 1077 1301 1140 correctio
1329 1095 1489 1151 esse,
1521 1093 1718 1156 quam
1747 1076 2024 1138 alterum
2054 1074 2315 1159 χρώμενοι
2346 1076 2586 1139 factum
2616 1067 2916 1157 καταχρώ-’

771 1208 918 1264 μενοι
950 1184 1302 1264 pepererit:
1331 1200 1543 1247 accus.
1578 1184 1752 1245 enim
1787 1184 1977 1245 modo
2007 1183 2079 1243 in
2112 1183 2352 1246 seriore
2385 1183 2736 1262 graecitate·
2762 1190 2907 1243 tan-
2974 1161 2979 1168 ⁸

771 1300 1037 1372 tumque
1096 1307 1243 1352 cum
1306 1291 1651 1370 composito
1701 1295 2122 1374 καταχρῆσθαι
2179 1291 2455 1354 occurrit
2502 1288 2764 1370 (Godet).
2828 1323 2907 1334 —

769 1399 1110 1481 Proprium
1140 1399 1257 1460 hoc
1282 1406 1378 1460 est
1399 1398 1598 1479 hujus
1629 1397 1779 1471 loci,
1817 1407 1887 1460 ut
1916 1415 2168 1477 semper
2192 1398 2544 1477 posteriore
2577 1395 2908 1476 participio

768 1506 947 1586 prius
992 1522 1125 1567 non
1172 1500 1494 1567 mutatum
1539 1505 1955 1584 participium
2008 1496 2425 1583 exprimatur.
2478 1503 2900 1582 Ceteroquin,

767 1611 925 1674 dum
957 1611 1361 1692 participium
1392 1611 1707 1693 κατέχοντες
1742 1612 1814 1672 in
1848 1610 2061 1677 locum
2096 1621 2256 1690 part.
2306 1609 2644 1695 ἀγοράζοντες
2682 1609 2907 1672 amissi

770 1719 1159 1794 sufficerent,
1192 1719 1475 1781 tribuere
1508 1719 1753 1782 scribae
1786 1718 1991 1781 Paulo
2014 1717 2294 1798 ineptias
2327 1744 2340 1780 ε
2370 1718 2782 1799 perspicuum
2815 1723 2908 1778 est

770 1826 951 1888 enim
984 1825 1131 1889 illos
1166 1828 1279 1906 qui
1318 1835 1587 1904 emunt,
1621 1845 1761 1889 esse
1802 1836 2108 1907 tanquam
2145 1843 2275 1888 non
2310 1826 2708 1907 possidentes
2737 1824 2907 1905 quod

773 1941 1022 2010 emunt,
1049 1932 1149 1994 sin
1174 1934 1362 1997 aliter
1391 1952 1521 1996 non
1543 1942 1837 1997 emerent
1860 1935 1872 1995 !
1914 1935 2217 1996 Attamen
2248 1933 2422 1996 solus
2444 1931 2558 1995 ille
2580 1950 2810 1994 sensus
2832 1949 2904 1993 ex

775 2041 847 2102 Τ.
896 2040 975 2102 R.
1025 2042 1275 2103 extrahi
1319 2050 1523 2122 potest
1570 2040 1681 2123 (1),
1736 2059 1932 2122 quem
1982 2040 2363 2120 symmetria
2414 2038 2907 2120 participialium

783 2157 1140 2223 ceterarum
1189 2150 1695 2229 propositionum
1734 2149 1917 2213 30-31
1953 2149 2235 2229 profecto
2266 2148 2701 2210 necessarium
2728 2146 2904 2209 facit.

860 2255 938 2317 V.
974 2254 1050 2318 32
1081 2275 1175 2335 sq.
1209 2255 1368 2336 quid
1403 2263 1574 2333 sunt,
1610 2256 1738 2317 nisi
1763 2256 2107 2334 aenigma?
2135 2257 2337 2318 Miror
2366 2252 2537 2334 q'uod
2570 2252 2760 2316 Godet
2785 2253 2909 2315 hoc

779 2380 911 2426 non
961 2363 1211 2425 viderit.
1270 2364 1727 2443 Repugnantia
1778 2363 2023 2425 Paulus
2070 2363 2274 2425 dicit:
2315 2387 2342 2418 α
2389 2360 2552 2425 Volo
2599 2378 2712 2423 vos
2765 2360 2908 2422 sine

780 2470 1214 2533 sollicitudine
1262 2489 1400 2533 esse
1427 2519 1441 2547 ‚
1485 2470 1801 2555 ἀμερίμνους
1854 2495 1882 2527 »
1936 2470 2198 2550 inquit:
2233 2488 2360 2550 quo
2405 2469 2606 2546 dicto,
2652 2469 2912 2531 festinat

779 2576 1117 2639 ostendere
1158 2571 1417 2639 necesse
1457 2596 1708 2657 semper
1754 2595 1894 2640 esse
1927 2589 2180 2661 μεριμνᾶν
2204 2626 2218 2653 ,
2264 2596 2413 2640 cum
2442 2577 2632 2641 modo
2661 2586 2911 2660 μεριμνᾶν

778 2682 846 2743 τὰ
876 2694 970 2743 τοῦ
1001 2682 1199 2765 κυρίου,
1238 2684 1430 2747 modo
1468 2694 1723 2767 μεριμνᾶν
1756 2683 1824 2744 τὰ
1863 2691 1955 2744 τοῦ
1981 2684 2184 2766 κόσμου
2210 2686 2588 2767 imponitur.
2621 2718 2699 2730 --
2729 2684 2910 2747 Cete-

778 2809 929 2852 rum
985 2808 1098 2870 pro
1149 2791 1482 2854 vicinitate
1525 2810 1588 2853 v.
1627 2792 1733 2856 32⁸
1775 2801 1838 2855 et
1880 2793 1986 2856 321³
2015 2794 2160 2856 fieri
2213 2812 2347 2858 non
2396 2802 2597 2875 potest
2642 2802 2714 2854 ut
2762 2810 2911 2854 cum

778 2900 989 2979 Meyer
1044 2888 1308 2961 s'ensum
1372 2919 1429 2962 v.
1488 2897 1806 2984 ἀμερίμνους
1861 2902 2345 2966 circumscribas
2396 2910 2586 2982 atque
2640 2902 2909 2964 vocabu-

782 3004 916 3067 lum
949 3005 1112 3068 illud
1147 3007 1409 3068 demum
1444 3009 1526 3069 ad
1569 3008 1721 3070 illas
1752 3027 1940 3070 curas
1973 3009 2211 3071 referas
2259 3010 2339 3070 ad
2379 3010 2556 3071 hunc
2588 3010 2910 3071 mundum

761 3112 1192 3192 pertinentes.
1227 3148 1308 3201 .-
1349 3114 1495 3178 Duo
1541 3116 1735 3178 verba
1778 3116 2016 3178 omissa
2055 3119 2145 3178 sic
2189 3117 2528 3179 restituam
2558 3117 2781 3199 παράγει
2813 3115 2913 3199 γὰρ

775 3222 837 3282 τὸ
871 3226 1056 3303 σχῆμα
1084 3228 1175 3281 τοῦ
1201 3221 1405 3301 κόσμου
1431 3221 1616 3282 τούτου
1640 3247 1654 3262 ·
1682 3233 1759 3294 <
1781 3225 1843 3284 οὐ
1866 3235 1943 3295 >
1973 3224 2108 3285 θέλω
2143 3223 2197 3285 δὲ
2225 3229 2361 3305 ὑμᾶς
2387 3225 2703 3309 ἀμερίμνους
2732 3217 2864 3285 εἶναι
2893 3249 2907 3266 ·

777 3335 806 3390 ὀ
836 3339 915 3398 <
941 3326 1040 3410 γὰρ
1064 3337 1140 3398 >
1176 3328 1457 3412 ιὀίγοιμος...
1506 3331 1898 3393 Mendorum
1945 3332 2270 3410 originem
2313 3332 2592 3395 dilucide
2629 3342 2905 3413 apparet.

779 3437 933 3498 Post
956 3434 1081 3496 τούτ
1099 3459 1172 3495 ου
1190 3481 1210 3512 ‚
1247 3436 1430 3498 facile
1456 3438 1771 3519 omissum
1798 3440 1921 3502 suit
1948 3443 2032 3502 οὔ.
2066 3443 2139 3502 Et
2163 3458 2277 3519 pro
2302 3464 2638 3524 ογαραγαμος
2664 3441 2912 3503 scribae

779 3545 1175 3623 scripserunt
1195 3568 1419 3624 ογαμος,
1444 3553 1508 3606 et
1535 3556 1752 3625 postea
1781 3553 1810 3607 ὁ
1838 3548 2044 3629 ἄγαμος
2071 3548 2382 3629 (ceterum
2412 3575 2446 3630 γ
2473 3578 2553 3601 =
2582 3574 2609 3632 ρ
2636 3585 2712 3594 -—
2750 3547 2910 3611 Voll-

778 3649 1003 3733 oram·

861 3759 1224 3821 Declaravit
1283 3761 1605 3838 apostolus
1655 3764 1735 3825 oh
1784 3764 2133 3825 instantem
2187 3765 2552 3843 parousiam
2605 3764 2750 3828 illos
2796 3768 2912 3845 qui

782 3884 1011 3929 uxores
1056 3867 1367 3930 haberent
1396 3887 1536 3932 esse
1578 3871 1810 3932 debere
1861 3878 2163 3949 tanquam
2212 3889 2342 3934 non
2393 3872 2702 3935 habentes
2734 3881 2905 3936 etc...

780 3992 855 4036 ac
884 3992 950 4036 se
987 3975 1074 4035 ita
1106 3973 1280 4054 loqui
1314 3984 1384 4037 ut
1411 3976 1559 4038 illos
1587 3985 1809 4038 contra
1843 3976 2290 4041 tribulationes
2324 3982 2537 4042 carnis
2582 3981 2902 4044 defendat.

782 4081 1003 4160 Pergit
1049 4106 1061 4142 ε
1118 4100 1245 4143 non
1299 4084 1465 4162 quod
1523 4082 1721 4144 velim
1779 4099 1890 4146 vos
1948 4084 2218 4147 omnino
2277 4086 2416 4147 sine
2474 4086 2910 4150 sollicitudine

785 4207 953 4266 esse;
987 4206 1118 4251 non
1159 4190 1326 4269 quod
1369 4190 1539 4252 nihil
1584 4190 1761 4253 aliud
1804 4209 2025 4253 curem
2072 4201 2401 4272 quam-ut
2435 4196 2633 4257 vitam
2667 4195 2736 4256 in
2787 4196 2910 4258 hoc

851 4430 915 4494 (1)
947 4430 1092 4481 Part.
1125 4431 1444 4496 ἀγοράζοντες
1473 4446 1585 4480 non
1615 4447 1730 4482 εον.
1765 4433 2005 4499 quidem,
2039 4435 2134 4484 sed
2164 4446 2435 4499 praesens
2465 4439 2576 4486 est!
