3559 5609
836 838 927 891 124
1259 893 1272 901 ,
1734 838 1870 901 XII,
1906 838 2074 891 12-13.

835 976 1062 1038 corpus
1102 956 1192 1038 (τὸ
1221 959 1380 1039 σῶμά
1425 955 1579 1039 μου),
1624 965 1952 1039 atque'est
1988 976 2218 1038 corpus
2250 957 2661 1040 (καυθήσομαι).
2700 958 2969 1035 ⁴Simili&

838 1064 1082 1128 Christi
1116 1073 1213 1129 est
1241 1066 1517 1129 habitus,
1574 1066 1874 1131 Christus
1904 1084 2053 1130 cum
2087 1067 2373 1129 Ecclesia
2422 1075 2549 1128 tam
2586 1076 2759 1130 arcte
2787 1065 2970 1130 colli·
3048 1055 3055 1063 ’

837 1179 1024 1251 gatur
1073 1191 1271 1253 quam
1319 1175 1539 1236 anima
1586 1174 1725 1257 (aut
1766 1176 1979 1256 potius
2024 1176 2323 1256 spirituS,
2363 1176 2590 1255 πνεῦμα)
2633 1192 2783 1238 cum
2827 1191 2969 1239 cor-

840 1297 1023 1360 pore,
1078 1283 1169 1344 ita
1218 1291 1292 1345 ut
1335 1283 1631 1346 Christus
1688 1284 1878 1347 modo
1937 1283 2156 1346 habeat
2199 1282 2394 1364 (XII,
2451 1285 2588 1365 27),
2651 1284 2840 1346 modo
2893 1282 2978 1345 sit

838 1386 1034 1468 (XII,
1100 1388 1202 1470 12)
1251 1406 1480 1471 corpus
1535 1409 1724 1453 suum
1787 1391 1957 1470 quod
2016 1397 2112 1453 est
2168 1389 2450 1452 Ecclesia
2499 1388 2616 1471 (1).
2672 1390 2841 1452 Cum
2897 1390 2968 1451 in

840 1486 1001 1575 Eph.
1036 1505 1099 1558 et
1116 1495 1358 1560 Colos5.
1387 1497 1620 1582 (κεφαλή
1644 1497 1736 1560 καὶ
1764 1496 1976 1580 σῶμα),
2011 1506 2148 1560 tum
2180 1498 2289 1561 hic
2317 1497 2766 1559 assimilantur
2788 1498 2971 1577 quasi

835 1602 1132 1666 Christus
1151 1612 1214 1666 et
1235 1605 1535 1667 Ecclesia.
1565 1606 1625 1668 N
1633 1604 1763 1668 ulla
1786 1623 1866 1668 au
1876 1614 2000 1668 tem
2024 1624 2216 1669 causa
2236 1613 2331 1667 est
2351 1623 2467 1668 cur
2493 1604 2736 1667 Paulus
2758 1604 2971 1667 varias

838 1710 1298 1773 similitudines
1329 1728 1461 1773 non
1495 1713 1901 1792 usurpaverit
1922 1710 2036 1793 (2).

919 1817 1171 1879 Erravit
1217 1817 1408 1881 Godet
1446 1835 1597 1880 cum
1633 1819 1898 1897 negavit
1943 1820 2013 1880 in
2062 1819 2195 1881 fine
2233 1839 2294 1881 v.
2336 1819 2406 1883 13
2450 1820 2529 1881 de
2577 1818 2794 1882 Coena
2837 1838 2968 1883 ser-

837 1941 1097 1986 monem
1150 1942 1310 1987 esse.
1366 1958 1443 1971 -
1493 1923 1576 1985 Τὸ
1622 1924 1713 1986 καὶ
1760 1925 1861 2009 γάρ
1911 1927 1976 1986 h.
2017 1944 2078 1990 v,
2136 1926 2210 1986 14
2263 1943 2396 1989 11011
2437 1906 2861 1994 demonstrat.
2906 1934 2974 1987 ut

838 2038 1017 2110 putat
1060 2031 1280 2108 Godet,
1330 2048 1564 2094 novam
1608 2051 1759 2095 cum
1800 2053 1864 2094 V.
1918 2032 2011 2094 καὶ
2059 2033 2252 2101 πάντες
2299 2032 2389 2113 (v.
2444 2033 2538 2113 13)
2585 2034 2972 2096 sententiam

836 2139 1151 2201 inchoari.
1190 2124 1605 2202 Demonstrat
1642 2148 1868 2203 contra
1915 2158 2153 2203 novam
2204 2141 2375 2204 hanc
2429 2141 2786 2204 sententiae
2830 2158 2970 2202 am-

840 2245 1299 2328 plificationem
1353 2254 1603 2310 tantum
1653 2246 1815 2310 cum'
1857 2248 2013 2329 ipsis
2057 2267 2118 2312 ν.
2162 2247 2254 2309 καὶ
2302 2228 2402 2333 γ’άρ
2445 2267 2508 2311 ν.
2547 2248 2617 2309 14
2660 2249 2967 2327 incipere.

840 2354 1118 2417 Paulum
1160 2373 1222 2414 V.
1272 2353 1343 2415 1·4
1390 2356 1728 2436 scripsisse
1766 2354 1959 2417 Godet
2000 2355 2350 2429 contendit,
2386 2363 2456 2417 ut
2500 2354 2847 2435 explicaret
2882 2353 2973 2414 καὶ

837 2462 1029 2530 πάντες
1073 2461 1420 2544 ἐποτίσθημεν
1478 2483 1537 2524 v.
1583 2462 1677 2527 13.
1733 2464 1866 2542 Ego
1919 2463 2185 2543 quidem
2233 2480 2365 2525 non
2425 2463 2612 2525 video
2652 2462 2974 2542 quomodo

838 2569 1175 2649 explicatio
1222 2568 1337 2632 illa
1389 2570 1524 2631 fiat.
1576 2570 1753 2633 Num
1803 2571 1957 2649 quia
2001 2571 2071 2631 in
2126 2587 2389 2651 corpore
2437 2569 2626 2650 plura
2681 2570 2974 2632 membra

840 2684 1024 2751 sunt,
1059 2694 1286 2738 omnes
1321 2677 1389 2738 in
1427 2694 1558 2739 uno
1608 2677 1857 2757 Spiritu
1897 2679 2093 2757 potati
2128 2679 2320 2740 sunt?
2365 2678 2683 2760 Equidem
2715 2684 2970 2740 senten-

842 2784 1079 2845 tiarum
1104 2784 1420 2846 rationem
1460 2801 1587 2847 non
1619 2784 1938 2864 intelligo.
1978 2786 2183 2848 Miror
2208 2803 2366 2847 sane
2397 2784 2570 2864 quod
2601 2783 2793 2847 Godet
2818 2801 2969 2859 con-

839 2890 1057 2953 tendat
1102 2890 1444 2974 epistulam
1474 2909 1624 2954 cum
1667 2891 1782 2954 illo
1814 2892 1908 2953 καί
1947 2893 2119 2972 quod
2168 2892 2270 2954 13b
2307 2892 2537 2971 incipit
2565 2891 2840 2952 transire
2877 2912 2905 2945 α
2937 2893 2975 2951 a

838 2997 1027 3061 l’idee
1068 2999 1146 3061 de
1199 2999 1261 3061 la
1313 3000 1618 3081 diversite
1662 2999 1775 3061 des
1837 3001 2020 3064 dens,
2078 3023 2109 3056 »
2156 2999 2432 3062 Certum.
2463 3006 2559 3061 est
2601 2998 2669 3059 h.
2711 3015 2969 3059 versum

837 3124 1044 3185 aeque
1082 3123 1156 3166 ac
1187 3107 1291 3186 (12
1328 3105 1521 3187 0013
1569 3107 1642 3168 in
1681 3106 1931 3168 unitate
1979 3107 2388 3170 commorari.
2432 3090 2767 3191 Atquead
2805 3104 2973 3166 hanc

841 3217 1156 3277 unitatem
1208 3214 1785 3277 demonstrandam
1844 3234 1904 3276 v.
1961 3215 2032 3277 14
2078 3214 2541 3277 destinaretur!
2605 3213 2773 3276 Mira
2824 3213 2970 3292 qui-

903 3507 969 3571 (1)
1000 3506 1139 3557 Cum
1169 3507 1291 3567 XII,
1327 3506 1384 3556 12
1414 3511 1468 3556 et
1497 3506 1559 3557 25
1589 3512 1644 3557 et
1674 3508 1729 3569 I,
1767 3508 1824 3574 10
1853 3508 2044 3557 confer
2072 3508 2125 3569 1,
2160 3507 2216 3557 13
2245 3507 2341 3570 qui
2369 3507 2465 3556 illa
2498 3506 2720 3555 demum
2749 3520 2973 3569 compa-

841 3597 1056 3646 ratione
1084 3609 1279 3646 verum
1316 3610 1479 3645 suum
1523 3597 1723 3660 accipit
1762 3610 2017 3655 sensum„
2039 3595 2180 3647 Cum
2222 3596 2471 3646 Ecclesia
2500 3596 2581 3657 ,sit
2612 3610 2736 3645 cum
2768 3597 2972 3658 templo

841 3684 1081 3749 quodam
1123 3690 1467 3748 comparata,
1511 3686 1622 3735 dici
1660 3690 1846 3750 potest
1894 3686 2031 3735 duas
2065 3686 2186 3735 illas
2225 3685 2639 3748 propositiones
2673 3685 2789 3733 fere
2826 3684 2974 3732 idem

839 3775 1042 3833 valere,
1067 3775 1731 3838 quarunrsymmetriam
1711 3790 1828 3837 Jam
1844 3775 2211 3824 indicavimus
2234 3776 2524 3840 μεμέρισται
2543 3777 2570 3824 ὁ
2591 3774 2796 3840 Χριστός
2815 3773 2878 3835 (Ι,
2900 3772 2973 3837 13)

842 3867 897 3912 et
925 3864 968 3914 εἷ
997 3881 1068 3920 τις
1094 3864 1179 3914 τὸν
1215 3864 1337 3914 ναὸν
1367 3870 1456 3914 τοῦ
1497 3866 1626 3916 Θεοῦ
1657 3865 1898 3929 φθείρει...
1932 3863 2057 3927 (ΙΙΙ,
2104 3862 2195 3926 17).
2226 3863 2368 3912 Nam
2398 3863 2603 3927 μερίζειν
2643 3863 2727 3913 τὸν
2767 3864 2976 3928 Χριστὸν

787 4009 793 4014 ,
841 3957 937 4004 aut
966 3954 1174 4018 φθείρειν
1203 3956 1291 4004 τὸν
1320 3955 1467 4010 ναόν.
1496 3969 1572 4004 sc.
1602 3958 1690 4015 τὴν
1720 3956 1982 4014 ἐκκλησίαν
2009 3967 2182 4001 unum
2211 3947 2471 4027 idemque
2496 3958 2595 4005 est.
2874 3965 2885 3975 ·

905 4042 970 4107 (2)
1001 4042 1354 4107 Comparatio
1386 4057 1454 4093 ex
1484 4046 1666 4094 anima
1700 4059 1762 4093 ac
1793 4057 2026 4107 corpore
2050 4046 2269 4105 sumpta
2295 4043 2519 4092 videtur
2542 4044 2653 4105 jam
2674 4043 2838 4092 Pauli
2865 4042 2974 4091 ani-

843 4147 991 4181 mum
1020 4133 1080 4180 111
1110 4147 1228 4196 cap.
1261 4132 1337 4182 VI
1368 4132 1473 4196 (Cf.
1503 4149 1556 4183 v.
1595 4134 1669 4192 13,
1707 4133 1874 4196 15-17)
1908 4132 2114 4188 subire.
2135 4159 2198 4168 —
2226 4132 2269 4181 E
2298 4148 2351 4184 v.
2383 4133 2413 4182 7
2441 4132 2618 4181 nostri
2649 4147 2766 4194 cap.
2801 4131 2974 4180 Paulo

847 4222 1183 4271 destinatum
1215 4226 1297 4271 est
1326 4223 1395 4271 ad
1422 4223 1563 4271 hanc
1595 4222 2015 4272 similitudinem
2047 4218 2368 4284 decurrere,
2397 4223 2602 4286 quippe
2633 4222 2728 4285 qui
2758 4221 2826 4270 de
2855 4221 2978 4277 Θεὸς

844 4314 898 4358 et
929 4312 1094 4374 κύριος
1121 4310 1275 4374 loqui
1316 4312 1559 4372 desinat,
1591 4316 1655 4359 ut
1700 4311 1867 4361 modo
1908 4312 1976 4360 de
2013 4317 2208 4375 πνεῦμα
2257 4312 2535 4374 loquatur.
2586 4311 2868 4361 Adscribit
2904 4310 2975 4374 τῷ

845 4401 1088 4466 πνεύματι
1116 4402 1176 4451 111
1205 4417 1258 4452 v.
1293 4400 1350 4451 10
1379 4405 1434 4450 et
1464 4401 1515 4452 11
1550 4415 1691 4466 quae
1721 4402 1781 4451 in
1809 4414 1861 4453 v.
1894 4401 1924 4452 6
1950 4407 2022 4467 τῷ
2048 4402 2159 4466 Θεῷ
2187 4400 2496 4464 adscripsit.
