3559 5609
723 876 808 926 13⁴
1648 873 1796 934 xlv,
1836 873 1910 923 18.

1605 1097 1804 1173 xlv,
1853 1096 1946 1158 18.

798 1317 876 1378 In
907 1335 969 1378 v.
1022 1316 1210 1380 13-19
1250 1314 1442 1379 Godet
1480 1331 1610 1379 non
1652 1322 1749 1377 est
1786 1313 1909 1376 sibi
1938 1320 2428 1375 consentaneus.
2466 1312 2662 1373 Recte
2693 1326 2847 1372 oon-

718 1424 925 1488 tendit
958 1425 1153 1487 verbo
1186 1423 1549 1508 προσεύχομαι
1584 1422 1886 1485 eumdem
1925 1437 2189 1483 sensum
2232 1420 2302 1481 in
2342 1438 2399 1480 v,
2447 1418 2520 1481 13
2559 1418 2848 1480 dandum

716 1549 854 1593 esse
883 1540 1073 1611 atque
1101 1533 1170 1593 in
1203 1552 1263 1593 v.
1310 1533 1404 1606 14,
1445 1539 1727 1592 attamen
1764 1530 2064 1612 εὐχαριστῶ
2095 1528 2163 1589 in
2195 1547 2256 1588 v.
2294 1527 2366 1588 18
2394 1524 2669 1588 alterum
2701 1542 2849 1587 sen-

716 1655 902 1714 sum,
934 1639 1005 1700 in
1050 1657 1110 1699 v.
1156 1640 1225 1701 17
1273 1638 1382 1719 (cf.
1434 1637 1740 1721 εὐχαριστία
1789 1637 1861 1696 in
1903 1656 1964 1698 v.
2016 1636 2117 1717 16)
2162 1635 2437 1696 alterum
2481 1633 2613 1695 dat.
2663 1632 2850 1695 Haud

716 1745 1088 1824 poenitebit,
1124 1747 1193 1807 ni
1233 1745 1440 1817 fallor,
1474 1765 1536 1807 v,
1569 1748 1719 1805 λαλῶ
1748 1762 1899 1806 cum
1929 1743 2069 1805 cod.
2111 1747 2169 1804 A
2216 1742 2554 1804 induxisse
2587 1759 2622 1802 e
2655 1739 2848 1801 ditto-

718 1851 987 1931 grapbia
1036 1853 1209 1939 vocis
1258 1852 1439 1927 ἀλλά,
1497 1870 1663 1931 quae
1716 1850 2041 1931 sequitur,
2099 1856 2349 1912 natum.
2408 1848 2660 1910 Etenim
2714 1845 2850 1906 ἀλλά

719 1958 916 2022 scribi
964 1959 1166 2038 potuit
1208 1962 1349 2020 λαλα
1385 1984 1398 2020 :
1445 1958 1629 2020 illius
1669 1957 1927 2035 generis
1970 1956 2246 2018 mendae
2287 1956 2442 2018 satis
2485 1956 2852 2034 frequentes

721 2073 873 2128 sunt
901 2066 1015 2147 (1).
1055 2066 1238 2128 Adde
1281 2068 1507 2129 crebro
1540 2067 1842 2129 confusas
1886 2066 2087 2127 fuisse
2128 2064 2370 2126 litteras
2397 2066 2431 2123 λ
2459 2072 2523 2124 et
2558 2088 2593 2123 α
2637 2060 2848 2143 (Bast,

737 2171 1088 2254 Vollqraff).
1135 2174 1408 2236 Posthac
1455 2181 1788 2235 contextus
1839 2173 2158 2252 primum,
2202 2171 2433 2233 deinde
2480 2169 2853 2252 proximitas

721 2278 894 2342 vocis
921 2282 1175 2361 γλώσσῃ,
1210 2280 1488 2360 denique
1523 2279 1817 2342 confusio
1847 2279 2208 2341 litterarum
2241 2303 2276 2339 α
2306 2285 2369 2340 et
2395 2303 2440 2338 ω
2468 2276 2674 2359 (Bast)
2702 2294 2852 2337 mu-

725 2388 1030 2450 tationem
1061 2388 1130 2448 in
1161 2391 1311 2449 λαλῶ
1347 2388 1502 2450 satis
1531 2406 1850 2469 superque
1885 2387 2253 2467 explanant.
2290 2387 2513 2468 Itaque
2543 2386 2851 2449 manifes-

726 2500 863 2555 tum
917 2503 1012 2556 est
1062 2495 1335 2557 Paulum
1387 2495 1715 2574 scripsisse
1757 2514 1773 2556 z
1827 2497 2123 2577 εὐχαριστῶ
2165 2528 2244 2540 -
2287 2497 2510 2575 γλώσσῃ
2553 2515 2569 2532 ·
2620 2490 2758 2554 ἀλλὰ
2802 2492 2855 2551 ἐν

724 2601 1053 2684 ἐκκλησίᾳ...

1564 2716 1759 2838 xiv,
1800 2761 2012 2824 26-28.

811 2954 1045 3040 Melius
1075 2996 1270 3058 quarn
1304 2976 1495 3041 Godet
1519 2978 1867 3058 explicabis
1891 2997 1953 3043 v,
1987 2980 2089 3058 26,
2121 2986 2414 3042 vertens:
2449 3003 2476 3035 α
2506 2979 2676 3052 Quid
2708 2996 2858 3057 ergo

726 3093 856 3160 est,
900 3086 1172 3147 fratres?
1212 3085 1377 3147 Cum
1421 3085 1819 3162 convenitiS‚
1865 3086 2309 3166 unusquisque
2360 3094 2644 3148 vestrum
2687 3086 2858 3165 psal-

726 3211 903 3253 mum
954 3192 1182 3255 habet?
1240 3192 1535 3271 linguam
1586 3193 1830 3255 babet?
1898 3202 2069 3256 etc...
2138 3192 2395 3274 (fierine
2450 3202 2714 3274 possunt
2763 3202 2853 3254 ta-

726 3299 815 3361 lia
843 3297 938 3380 (2)
960 3298 991 3359 ‘1
1027 3298 1094 3360 Si
1134 3317 1232 3359 res
1262 3301 1349 3360 ita
1377 3318 1443 3361 se
1479 3300 1693 3376 habet,
1727 3301 1891 3391 bene
1928 3300 2054 3362 esti
2094 3301 2240 3378 Sed)
2269 3302 2489 3363 omnia
2518 3300 2597 3363 ad
2627 3300 2856 3362 aedifi-

727 3404 1044 3467 cationem
1095 3404 1291 3466 fiant!
1346 3429 1373 3461 n
1422 3405 1669 3468 Paulus
1716 3406 1928 3468 ironia
1953 3408 2175 3483 utitur,
2212 3415 2284 3468 ut
2313 3409 2855 3488 perturbationem

728 3512 1045 3589 vituperet
1080 3527 1245 3590 quae
1279 3512 1347 3572 in
1382 3512 1675 3575 conciliis
1712 3513 2107 3576 accidebant.
2155 3515 2262 3577 Me
2285 3514 2541 3594 judice,
2579 3516 2698 3577 ista
2726 3516 2858 3578 iro-

728 3619 837 3680 nia
873 3620 1009 3699 jam
1054 3639 1114 3682 v,
1158 3619 1348 3688 πάντες
1393 3621 1784 3699 praegressis
1823 3620 1913 3702 (v,
1962 3621 2036 3685 23
2082 3630 2144 3683 et
2186 3622 2290 3704 24)
2332 3623 2464 3685 fere
2508 3623 2854 3686 indicatur.

728 3726 876 3789 Nou
918 3727 1092 3788 deest
1122 3726 1190 3787 iu
1224 3746 1282 3788 v,
1315 3728 1488 3789 πάντα
1520 3747 1661 3791 vers
1694 3729 1822 3806 261³,
1853 3737 1916 3792 et
1948 3730 2327 3810 praesertim
2355 3731 2425 3792 in
2458 3750 2519 3792 v.
2554 3730 2622 3794 31
2662 3731 2855 3793 dissi-

728 3833 996 3897 mulatio
1026 3854 1219 3914 quam
1256 3836 1577 3915 apostolus
1616 3837 1882 3900 adhibet
1922 3837 2266 3899 manifesta
2307 3847 2400 3900 est
2436 3836 2547 3919 (3).
2590 3874 2662 3885 --
2694 3840 2856 3900 Ani-

730 3942 1056 4003 madverte
1090 3962 1148 4004 v.
1185 3943 1296 4029 ἔχει
1325 3944 1755 4021 iterationem,
1793 3963 1925 4008 non
1958 3962 2141 4006 secus
2176 3962 2249 4007 ao
2276 3947 2334 4008 si
2362 3947 2634 4027 quisque
2662 3948 2856 4010 adve-
2930 3960 2937 3965 ·

790 4167 855 4231 (1)
885 4168 1115 4227 Confer,
1161 4170 1555 4235 παραδείγματος
1596 4172 1768 4231 ἕνεκα,
1801 4170 1860 4218 in
1906 4170 2065 4234 Sap.‚
2099 4172 2168 4232 II,
2210 4172 2265 4231 7,
2299 4174 2441 4240 ἀέρος
2468 4188 2569 4237 pro
2603 4175 2769 4239 ἔαρος,
2804 4180 2857 4224 et

729 4254 882 4314 ibid„
914 4254 1113 4317 XVIII,
1145 4254 1222 4315 22,
1254 4257 1399 4320 ὄχλον
1429 4271 1527 4318 pro
1551 4258 1716 4320 χόλον.

789 4344 854 4408 (Q)
886 4345 946 4395 Id
978 4346 1161 4396 valent
1190 4349 1237 4397 τί
1267 4350 1352 4400 οὖν
1384 4351 1538 4410 ἐστίν,
1570 4350 1799 4413 &demost

788 4434 852 4498 (3)
883 4439 1050 4485 Godet
1084 4438 1368 4488 contendit
1392 4442 1624 4490 verbum
1651 4440 1827 4496 πάντες
1854 4440 1978 4490 illos
2010 4442 2189 4490 solum
2233 4441 2548 4504 designare,
2584 4457 2608 4488 «
2636 4442 2730 4505 qui
2760 4446 2856 4490 ont
