3559 5609
1523 841 1625 890 VII
1643 878 1655 900 ,
1696 840 1861 890 10-17.
2698 836 2754 890 71

628 956 913 1035 potuisse
940 956 1313 1020 Corinthios
1362 965 1544 1037 puto,
1577 958 1693 1038 qui
1730 959 2114 1036 respondere
2153 958 2510 1037 potuissent
2544 975 2558 1018 ε
2598 981 2626 1013 α
2662 957 2758 1019 Ita

628 1080 910 1143 prorsus,
932 1064 1150 1127 nescio
1175 1081 1258 1125 an
1289 1064 1482 1126 illum
1511 1064 1612 1126 vel
1643 1064 1825 1126 illam
1857 1064 2107 1126 salvum
2140 1064 2463 1127 salvamve
2490 1064 2754 1140 faciem3

624 1180 687 1235 at
721 1174 980 1235 tandem
1022 1174 1242 1236 nescio
1276 1189 1535 1253 quoque
1565 1189 1647 1233 au
1682 1173 1935 1235 salvum
1967 1172 2292 1236 salvamve
2321 1191 2445 1235 non
2480 1172 2751 1248 faeiem;

620 1281 793 1361 quod
824 1281 880 1341 si
912 1286 1133 1342 contra
1162 1279 1453 1354 discedo,
1485 1287 1655 1342 certo
1688 1280 1822 1343 scio
1859 1298 1964 1343 me
1998 1281 2188 1342 illum
2220 1280 2481 1343 illamve
2512 1279 2756 1343 salvam

623 1386 956 1450 salvumve
1003 1404 1133 1449 non
1184 1386 1508 1448 facturum
1566 1386 1986 1490 facturamve.
2036 1390 2202 1466 Ergo
2263 1386 2573 1464 manebo,
2623 1404 2757 1449 non

620 1495 969 1557 discedam.
1022 1516 1051 1550 »
1097 1492 1487 1572 Ceteroquin
1535 1511 1700 1555 vana
1746 1493 1859 1555 illa
1901 1500 1995 1557 est
2036 1494 2512 1572 argumentatio
2557 1511 2756 1573 quam

621 1601 809 1665 Godet
854 1601 1058 1664 Paulo
1106 1601 1314 1672 dedit,
1364 1600 1474 1662 sed
1523 1600 1819 1663 stolidior
1861 1601 2058 1663 etiam
2093 1607 2153 1662 et
2190 1600 2478 1663 hebetior
2511 1600 2624 1661 illa
2658 1607 2758 1662 est

616 1709 937 1772 sententia
985 1726 1180 1788 quam
1232 1706 1593 1785 apostolus,
1641 1715 1900 1770 auctore
1933 1706 2154 1783 Godet,
2195 1707 2483 1770 refellere
2521 1707 2750 1769 voluit.

617 1816 1068 1879 Absurdorum
1125 1814 1473 1875 absurdam
1528 1815 1914 1876 sententiam
1969 1815 2291 1877 absurdus
2338 1815 2586 1877 Paulus
2637 1815 2751 1877 ab·

615 1923 810 1985 surde
855 1921 1106 1985 refellit.
1142 1919 1332 1982 Godet
1361 1919 1723 1982 Corinthiis
1767 1921 1868 1982 vel
1905 1899 2157 2000 ineptas
2193 1922 2429 2000 agendi
2471 1923 2753 1985 rationes

613 2030 711 2092 vel
750 2030 975 2091 saltem
1007 2027 1260 2091 insulsa
1289 2028 1563 2090 consilia
1597 2029 1841 2090 tribuit.
1877 2029 2055 2091 Num
2091 2031 2479 2108 cogitatione
2510 2031 2753 2109 fingere

610 2138 819 2217 possis
854 2154 1117 2198 uxorem
1148 2134 1570 2197 christianam
1603 2135 2191 2220 cursimmaritum
2226 2144 2741 2216 persequentem,

609 2250 800 2323 atque
830 2241 1020 2304 illum
1056 2241 1416 2320 praesentia
1453 2257 1681 2302 vexare
1722 2250 2267 2320 perseverantem,
2301 2244 2603 2322 quamvis
2632 2243 2746 2307 ille

611 2367 760 2411 cum
792 2367 866 2412 ea
892 2350 1257 2412 societatem
1289 2349 1459 2410 inire
1492 2349 1702 2411 nolit?
1732 2350 1809 2409 Et
1838 2349 2041 2411 Paulo
2073 2368 2236 2428 opus
2270 2350 2501 2413 fuisset
2535 2351 2745 2430 pluri-

609 2457 767 2533 mi3‚
810 2462 895 2518 ut.
925 2456 1025 2531 fit,
1065 2456 1279 2518 verbis
1310 2457 1674 2534 vituperare
1713 2455 1897 2519 illam
1937 2458 2172 2534 agendi
2208 2458 2579 2520 rationem?
2611 2457 2740 2521 Sed

606 2564 862 2626 etiamsi
891 2563 1047 2625 adeo
1079 2562 1310 2625 stultae
1349 2563 1630 2624 fuissent
1666 2562 2176 2626 christianorum
2212 2565 2521 2627 mulieres
2554 2572 2622 2627 ut
2652 2566 2768 2626 ita.

606 2688 674 2733 se
702 2676 1017 2748 gererent,
1054 2687 1214 2730 num
1241 2676 1550 2748 poteraut,
1576 2688 1726 2732 curn
1750 2672 1967 2733 mariti
1992 2673 2320 2742 discedere
2342 2672 2600 2748 vellent,
2631 2689 2741 2735 eos

604 2794 829 2855 cogere
858 2783 931 2837 ut
960 2778 1342 2839 mane-rent?
1372 2778 1512 2840 Hoc
1542 2796 1671 2840 non
1705 2779 1916 2840 solum
1948 2778 2306 2840 absurdum
2334 2780 2593 2854 fuisset,
2628 2780 2738 2842 sed

603 2864 799 2946 etiam
830 2883 1101 2946 omnino
1132 2883 1274 2943 fieri
1307 2900 1436 2944 non
1472 2884 1779 2960 potuisset
1802 2883 1910 2963 (1).
1935 2917 2015 2931 -
2035 2884 2423 2963 Ceteroquin
2449 2884 2639 2948 Godet
2664 2887 2736 2947 in

601 2990 1126 3069 interpretatione
1156 3008 1215 3050 v.
1244 2990 1431 3072 χωρίζ.
1463 2990 1697 3051 nititur
1724 3008 1893 3070 quae
1923 2990 2087 3051 mihi
2121 2991 2472 3069 probabilis
2504 3010 2733 3070 parum

599 3098 876 3160 videtur.
914 3098 987 3157 ln
1033 3097 1248 3159 verbis
1280 3099 1320 3158 J
1328 3096 1448 3159 .-C.
1483 3115 1650 3175 quae
1700 3098 1890 3160 nobis
1931 3096 2093 3177 Syn.
2135 3099 2571 3176 tradiderunt,
2607 3108 2726 3162 act.

596 3205 836 3288 χωρίζειν
867 3205 946 3266 de
975 3205 1250 3266 divortio
1282 3204 1656 3280 adhibetur,
1685 3205 1973 3284 itemque
2005 3206 2074 3266 in
2107 3227 2168 3268 v,
2205 3206 2378 3267 10-11
2417 3206 2730 3285 epistulae

598 3318 885 3387 nostrae,
932 3312 1003 3371 in
1048 3312 1291 3390 quibus
1327 3312 1560 3389 passiV.
1607 3310 1794 3394 χωρίζ.
1851 3320 2201 3391 usurpatur
2240 3314 2507 3392 perinde
2549 3331 2623 3375 ac
2672 3314 2730 3377 si

596 3420 766 3481 idem
799 3417 1036 3480 valeret
1068 3426 1259 3497 atque
1290 3418 1525 3496 passiv.
1562 3419 1735 3480 verb.
1771 3418 1998 3501 ἀφιέναι.
2035 3420 2112 3481 I'n
2143 3420 2186 3481 l.
2221 3421 2291 3481 in
2322 3437 2452 3499 quo
2486 3421 2723 3498 passiV.

655 3659 719 3722 (1)
751 3660 875 3723 Ipse
926 3662 1095 3708 Godet
1133 3671 1248 3707 non
1285 3663 1469 3721 potest
1507 3659 1642 3722 quin
1679 3660 1934 3708 fateatur.
1973 3661 2188 3708 Asserit
2228 3661 2393 3709 etiam
2432 3662 2723 3723 conjugem

592 3748 969 3807 christianum,
1022 3763 1146 3797 cum
1195 3763 1227 3796 a
1271 3749 1737 3797 non-christiano
1787 3748 2153 3805 desereretur,
2202 3762 2559 3811 perseverare
2608 3761 2721 3799 non

588 3854 756 3904 posse
778 3853 838 3889 se
864 3839 1167 3900 intrudere,
1194 3839 1536 3901 Paulumque
1557 3839 1721 3887 talem
1748 3839 1948 3901 agendi
1978 3839 2250 3887 rationem
2276 3853 2391 3888 non
2416 3841 2716 3901 postulare,

590 3944 716 3980 nam
747 3945 771 3975 α
803 3943 865 3979 ce
896 3929 1065 3978 serait
1090 3929 1279 3991 exigor
1306 3929 1380 3977 du
1411 3927 1675 3985 chretien‚
1710 3941 1778 3976 en
1809 3941 1917 3976 vue
1948 3927 2078 3975 d'un
2106 3928 2338 3977 resultat
2364 3927 2475 3978 tres
2505 3929 2716 3992 proble-

589 4020 831 4083 matique
864 4024 917 4068 et
946 4020 1124 4067 rendu
1154 4032 1390 4081 presque
1412 4019 1733 4081 impossible
1762 4032 1861 4080 par
1890 4019 1941 4065 le
1973 4018 2121 4066 refus
2153 4018 2221 4066 de
2249 4020 2625 4068 cohabitation
2647 4021 2715 4069 de

587 4109 808 4171 l'epoux
839 4112 1020 4172 paien,
1047 4122 1123 4155 un
1154 4109 1401 4156 sacrifice
1428 4112 1549 4156 tout
1571 4107 1602 4155 a
1626 4108 1725 4155 fait
1750 4107 2240 4169 disproportionne
2269 4124 2292 4156 »
2319 4109 2390 4170 (p.
2417 4108 2543 4170 321).
2568 4108 2712 4172 Ergo

590 4199 738 4261 quod
766 4199 998 4247 nimium
1029 4202 1111 4246 est
1141 4198 1440 4246 adsurdum
1471 4202 1533 4246 ut
1570 4213 1601 4245 a
1643 4198 1815 4245 Paulo
1841 4198 2248 4260 vpraescriptum
2281 4199 2466 4258 fuerit,
2493 4199 2712 4249 inveni-

587 4295 675 4337 tur
696 4289 835 4337 adeo
860 4289 1081 4351 sapiens
1103 4301 1407 4349 sanumque
1428 4269 1490 4336 u't
1515 4287 1789 4336 Corinthii
1813 4287 1919 4348 ipsi
1940 4267 2172 4335 fecerint
2192 4291 2287 4336 aut
2312 4288 2492 4337 facere
2515 4293 2712 4352 sponte

588 4392 687 4426 sua
714 4378 1011 4440 voluerint,
1037 4378 1315 4441 fueritque
1345 4390 1572 4426 neeesse
1605 4377 1837 4427 Paulum
1861 4390 1957 4426 eos
1982 4377 2169 4426 multis
2193 4377 2378 4427 verbis
2401 4377 2706 4427 deterrere!
