3559 5609
845 872 921 927 30'
954 880 969 892 “
1778 878 1859 939 11,
1895 879 2035 930 8-10.

844 994 1068 1056 oculus
1103 1012 1232 1057 non
1266 994 1457 1070 vidit,
1494 1012 1611 1057 nec
1639 996 1814 1057 auris
1843 996 2128 1071 audivit,
2167 1012 2287 1058 nec
2316 996 2384 1058 in
2417 1012 2526 1059 cor
2556 996 2841 1059 hominis
2870 1015 2972 1060 as-

843 1100 1097 1177 cendit,
1129 1100 1244 1163 illa
1276 1102 1523 1181 paravit
1551 1102 1724 1164 Deus
1759 1120 1908 1164 eum
1940 1101 2379 1181 diligentibus,
2414 1128 2441 1158 ι

1785 1320 1884 1394 Π,
1938 1318 2032 1382 13.

924 1533 1074 1596 Noli
1132 1535 1199 1594 in
1257 1545 1634 1613 πνευματικοῖς
1686 1553 1880 1598 masc.
1948 1552 2098 1613 gen.
2156 1535 2640 1615 deprehendere
2687 1535 2970 1619 (Benqel,

842 1638 1120 1716 Βίιοῖίθνί,
1156 1639 1499 1721 Ηοῇηαηη,
1536 1641 1768 1723 Godet).
1803 1644 1851 1703 E
1879 1643 2128 1704 duobus
2172 1644 2382 1703 verbis
2411 1654 2783 1722 πνευματικοῖς
2811 1667 2968 1704 πνευ-

841 1748 1073 1827 ματικά,
1112 1765 1316 1809 unum
1358 1767 1521 1827 quae
1552 1749 1854 1810 dicantur
1883 1748 1977 1829 (τὰ
2007 1748 2353 1831 χαρισθέντα,
2386 1749 2420 1808 ἃ
2457 1748 2779 1830 λαλοῦμεν),
2814 1750 2972 1811 alte-

840 1872 986 1915 rum
1011 1863 1226 1915 autem
1258 1855 1578 1934 quomodo
1608 1856 1909 1917 dicantur
1939 1856 2018 1936 (ἐν
2045 1858 2307 1924 διδακτοῖς
2336 1855 2630 1936 πνεύματος
2656 1876 2740 1919 so.
2776 1855 2971 1937 λόγοις)

842 1961 1105 2024 indicat.
1155 1962 1332 2035 Quae
1377 1964 1819 2042 interpretatio
1862 1964 1942 2025 ab
1980 1965 2280 2038 Erasme‚
2327 1963 2585 2041 Οαίυίη,
2631 1963 2705 2026 de
2759 1965 2969 2041 Wolte,

842 2070 1089 2149 Meyer,
1124 2068 1423 2132 Osiander
1459 2072 1779 2150 proposita
1815 2080 1876 2132 et
1924 2081 2181 2151 accepta
2229 2072 2608 2133 fidelissima
2642 2082 2774 2149 est3
2810 2073 2973 2134 frus-

842 2183 939 2237 tra
987 2183 1262 2254 negante
1318 2176 1536 2254 Godet,
1590 2195 1628 2239 a
1678 2196 1872 2239 sensu
1925 2177 2107 2240 verbi
2164 2178 2419 2261 συγκρίνω
2473 2196 2668 2257 quem
2716 2175 2969 2239 Pdssow

840 2283 949 2345 dat
984 2281 1099 2364 (l),
1160 2300 1290 2345 non
1346 2284 1647 2347 deflectit.
1703 2288 1823 2359 At,
1880 2284 2101 2365 objicit
2147 2283 2353 2359 Godet,
2410 2285 2568 2347 haec
2619 2285 2811 2346 verba
2861 2283 2973 2346 illo

842 2388 1031 2452 modo
1087 2392 1421 2453 enucleata
1475 2393 1866 2455 sententiam
1922 2393 2195 2467 iterant,
2230 2410 2395 2471 quae
2443 2401 2591 2454 ante
2644 2401 2758 2454 est.
2810 2392 2971 2452 Res-

839 2499 1122 2577 pondere
1164 2501 1522 2578 possimu8‚
1574 2513 1643 2563 ut
1692 2500 2093 2580 explicantur
2142 2519 2178 2562 a
2232 2499 2449 2577 Godet,
2494 2508 2778 2580 repetere
2816 2500 2973 2562 haec

842 2604 1033 2666 verba
1069 2624 1129 2666 v.
1170 2606 1353 2666 14-15
1386 2615 1495 2667 aut
1526 2607 1651 2682 ΙΙΙ,
1691 2608 1745 2686 1,
1786 2616 1847 2669 et
1879 2606 2092 2683 Godet,
2130 2615 2197 2668 ut
2231 2607 2714 2687 perissologiam
2743 2608 2968 2685 fugiat,

842 2727 972 2772 non
1009 2712 1211 2773 vitare
1255 2711 1725 2791 pleonasmum.
1777 2697 2012 2794 Reipsa
2063 2720 2281 2776 autem
2326 2714 2398 2775 in
2442 2714 2972 2795 interpretatione

839 2835 1034 2897 quam
1069 2819 1379 2897 defendo,
1422 2821 1604 2882 nulla
1638 2829 1732 2883 est
1773 2821 2092 2901 repetitio.
2143 2819 2429 2883 Ἀντίθεσιν
2468 2821 2713 2884 Paulus
2757 2839 2974 2901 presse

839 2926 1135 2987 enuntiat
1185 2944 1258 2988 ac
1313 2928 1503 3008 quasi
1556 2928 1788 3004 coelat,
1850 2946 1933 2991 ne
1986 2928 2270 3007 legentes
2328 2930 2532 3006 fugiat
2581 2938 2693 2991 aut
2745 2947 2968 3008 parum

838 3033 1091 3094 animos
1116 3044 1533 3097 commoveat.
1570 3036 1917 3116 Restatque
1944 3054 2197 3114 semper
2231 3044 2298 3096 ut
2328 3035 2691 3114 simplicius
2713 3037 2969 3115 sapien-

841 3140 1093 3219 tiusque
1124 3150 1217 3202 est
1248 3143 1659 3221 participium
1691 3161 1803 3222 per
1829 3142 2164 3221 periodum
2198 3141 2309 3203 ubi
2335 3141 2597 3221 ponitur
2625 3141 2966 3220 explicare,

838 3265 1034 3328 quam
1053 3248 1539 3329 explicationem
1575 3267 1612 3310 a
1642 3250 2065 3328 sequentibus
2085 3250 2374 3312 versibus
2395 3250 2771 3311 mutuari—
2791 3234 2971 3328 prae-

839 3356 1059 3416 sertim
1091 3372 1128 3416 a
1160 3359 1477 3417 sententia
1507 3357 1847 3437 verbisque
1873 3356 2108 3417 horum
2143 3374 2309 3417 vers,
2344 3374 2507 3435 quae
2537 3354 2968 3417 antecedenti·

838 3462 959 3523 bus
990 3480 1152 3523 vers.
1188 3462 1400 3523 aliena
1431 3472 1599 3524 sunt.
1639 3462 1986 3543 Oportebat
2028 3462 2218 3525 Godet
2238 3465 2375 3542 jam
2404 3482 2465 3525 v.
2501 3463 2685 3525 14-15
2715 3461 2969 3544 legisse,

840 3575 910 3628 ut
936 3568 1015 3629 de
1036 3568 1151 3629 illa
1181 3568 1603 3648 explicatione
1626 3570 1901 3647 cogitare
1930 3577 2160 3649 posset.
2195 3571 2397 3632 Primi
2417 3579 2634 3631 autem
2660 3570 2969 3650 epistulae

837 3673 1103 3737 lectores
1137 3675 1250 3756 qui
1282 3676 1573 3738 nondum
1610 3675 1737 3756 adj.
1764 3675 2114 3755 πνευματικός
2142 3678 2529 3739 invenerant
2556 3678 2635 3738 ad
2666 3692 2968 3756 personas
3011 3737 3018 3743 ,

837 3782 1113 3846 relatum
1156 3792 1218 3845 et
1252 3784 1366 3863 qui
1402 3785 1773 3863 nuperrime
1827 3783 2044 3848 12-13·
2074 3785 2402 3863 legerant,
2447 3785 2808 3848 necessario
2841 3785 2968 3846 duo

901 4078 966 4146 (1)
999 4098 1023 4129 «
1055 4079 1293 4134 Ueberh.
1319 4083 1659 4146 vereinigen‚
1682 4038 1991 4134 verbinden
2017 4108 2079 4117 —
2106 4082 2176 4138 τίς
2192 4081 2405 4139 κάλυκας
2435 4082 2692 4147 συνέκρινε
2715 4083 2868 4148 βάτῳ,
2899 4080 2968 4138 τίς

838 4177 968 4221 σῦκα
1005 4171 1240 4233 μύκησινς
1281 4184 1395 4220 wer
1427 4172 1522 4220 hat
1560 4173 1641 4221 sie
1681 4171 2217 4233 zusammengefiigt‚
2258 4171 2356 4218 mit
2393 4171 2562 4218 ihnen
2588 4168 2913 4233 vereinigt?
2943 4184 2968 4215 »

840 4264 1010 4310 Godet
1040 4263 1232 4310 contra
1255 4260 1641 4323 explicationis
1668 4261 1955 4323 proprium
1984 4263 2068 4309 est
2098 4272 2322 4308 sensum
2346 4275 2398 4310 v.
2429 4260 2670 4325 συγκρίνω
2698 4272 2811 4309 non
2838 4247 2969 4310 vere

840 4352 1101 4415 effingere
1117 4362 1131 4410 ;
1166 4349 1420 4399 dubitare
1445 4349 1577 4398 licet
1601 4349 1736 4412 quin
1769 4349 2021 4412 exemplo
2051 4348 2468 4398 translationem
2495 4349 2819 4398 confirmare
2847 4361 2968 4412 pos-

838 4442 928 4506 sit,
958 4439 1108 4504 quod
1137 4426 1303 4489 modo
1332 4451 1434 4501 pro
1463 4451 1586 4487 mea
1618 4437 1744 4487 feci.
