3559 5609
1388 1089 1395 1096 ·
1491 1071 1633 1131 DE
1679 1070 2090 1133 PRIORE

845 1352 1190 1490 PAULI
1240 1353 1396 1488 AD
1455 1351 2133 1489 CORINTHIOS
2188 1352 2743 1490 EPISTULA

1661 2139 1692 2200 I
1715 2184 1734 2214 ‚
1784 2138 1919 2203 2-3.

807 2350 880 2411 V.
920 2352 955 2411 2
987 2350 1114 2415 duo
1142 2351 1611 2431 impedimenta
1641 2353 1901 2431 praebet
1940 2377 1953 2414 :

810 2457 862 2522 1.
903 2459 1072 2520 Fieri
1106 2477 1233 2522 non
1271 2466 1477 2539 potest
1513 2467 1581 2521 ut
1608 2460 1947 2541 ἡγιασμένοις
1979 2493 2061 2508 -
2100 2459 2278 2534 Ἰησοῦ
2311 2461 2479 2522 inter
2507 2466 2572 2542 τῇ
2608 2460 2861 2543 ἐκκλησίᾳ

720 2572 812 2625 τοῦ
841 2568 986 2628 Θεοῦ
1019 2574 1079 2628 et
1117 2572 1182 2649 τῇ
1216 2567 1347 2649 οὔσῃ
1376 2614 1390 2642 ‚
1430 2577 1500 2629 ut
1534 2567 1673 2630 vult
1721 2568 1945 2645 Godet‚
1979 2570 2373 2648 interponas.
2412 2568 2671 2644 Potuit,
2718 2568 2861 2629 sine

723 2672 920 2737 dubio
938 2719 957 2749 ,
987 2672 1342 2752 apostoluS,
1377 2690 1525 2735 cum
1553 2655 1837 2737 Ecclesia
1870 2675 2082 2755 plures
2112 2692 2416 2754 personas
2440 2674 2862 2755 eomprehen-

722 2779 900 2842 deret
921 2829 935 2857 ,
969 2781 1445 2844 constructione
1477 2781 1556 2843 ad
1589 2800 1856 2844 sensum
1887 2793 2076 2845 utens
2108 2800 2257 2845 cum
2287 2783 2487 2845 subst.
2524 2783 2692 2860 sing.
2737 2782 2858 2844 hoe

725 2886 893 2966 plur.
924 2888 1287 2968 appositum
1329 2890 1723 2968 conjungere
1761 2887 2025 2970 (Godet).
2058 2889 2245 2964 Quod
2294 2890 2473 2950 enim
2527 2889 2676 2951 facit
2710 2906 2855 2950 eum

723 3001 860 3072 post
891 2999 959 3076 τῇ
1005 2994 1260 3078 ἐκκλησίᾳ
1295 3000 1361 3076 τῇ
1405 2994 1535 3076 οὔσῃ
1578 2995 1797 3057 scribit
1844 2999 2056 3069 κλητοῖς
2086 2995 2278 3076 ἁγίοις.
2329 2995 2602 3056 Minime
2641 3003 2853 3077 autem

721 3100 1165 3180 accipiendum
1211 3101 1488 3163 Paulum
1539 3111 1676 3182 post
1719 3120 1954 3164 nomen
2001 3104 2171 3179 sing.
2216 3102 2307 3184 (τῇ
2354 3101 2630 3186 ἐκκλησία)
2682 3101 2854 3182 quod

720 3207 884 3286 plur.
917 3209 1272 3288 appositum
1303 3209 1693 3291 (ἡγιασμένοις)
1721 3210 1906 3288 sequi
1939 3209 2161 3285 debet,
2194 3208 2276 3269 ad
2310 3208 2554 3285 singul.
2585 3207 2677 3290 (τῇ
2701 3207 2852 3290 οὔσῃ)

722 3316 957 3378 reverti
992 3324 1067 3377 ut
1107 3315 1259 3378 dein
1303 3317 1541 3378 iterum
1572 3316 1653 3378 ad
1689 3316 1854 3394 plur.
1899 3314 2138 3396 (κλητοῖς
2186 3316 2374 3396 ἁγίοις)
2430 3323 2730 3377 transeat.
2777 3350 2856 3362 -

720 3422 1260 3502 Quandoquidem
1283 3423 1476 3484 verba
1498 3421 1837 3504 ἡγιασμένοις
1862 3456 1939 3467 -
1973 3420 2155 3497 Ἰησοῦ
2182 3421 2350 3485 locos
2376 3423 2588 3484 varios
2615 3424 2683 3483 in
2710 3422 2849 3485 cod.

719 3536 1062 3610 occupent,
1095 3537 1317 3610 putare
1346 3538 1522 3608 potes
1550 3530 1665 3591 illa
1697 3547 1807 3610 per
1837 3530 2198 3608 marginem
2235 3530 2353 3591 iter
2383 3529 2630 3590 fecisse.
2668 3529 2858 3591 Godet

719 3638 854 3717 ipse
885 3637 1117 3699 fatetur
1150 3636 1564 3714 tautologiam
1599 3637 1852 3711 inesse,
1892 3654 2038 3698 cum
2089 3635 2263 3697 idem
2312 3635 2567 3698 valeant
2609 3636 2732 3697 ista
2777 3654 2851 3698 ae

719 3747 931 3817 κλητοῖς
963 3746 1152 3824 ἁγίοις.
1186 3743 1648 3806 Verisimiliter
1677 3743 1878 3821 igitur
1909 3743 2290 3822 priusquam
2320 3743 2387 3802 in
2418 3744 2712 3820 margine
2741 3744 2851 3804 ad-

720 3852 954 3930 scripta
983 3852 1279 3927 fuissent,
1319 3852 1512 3914 verba
1544 3850 1656 3911 illa
1704 3867 2043 3927 nunquam
2074 3849 2143 3909 in
2206 3858 2373 3911 textu
2406 3850 2638 3929 scripta
2674 3859 2845 3913 sunt.

720 3958 898 4033 Quae
913 3966 1214 4039 tanquam
1229 3977 1343 4038 spu
1353 3958 1468 4029 ria,
1484 3974 1744 4037 quaeso,
1758 3955 1995 4017 deleas,
2011 3957 2191 4016 —Ex
2211 3951 2322 4018 illo
2343 3974 2488 4018 vero
2501 3955 2851 4035 marginali

721 4063 966 4128 scholio
994 4062 1122 4126 duo
1170 4073 1522 4126 naseuntur
1557 4063 1802 4125 indicia
1832 4064 2070 4141 quibus
2107 4082 2323 4124 veram
2357 4063 2546 4125 Pauli
2578 4081 2849 4125 manum

721 4171 1266 4252 recuperabimus
1316 4171 1612 4232 Primum
1664 4170 2109 4232 animadverte
2152 4171 2449 4233 ordinem
2500 4172 2848 4233 verborum

718 4281 930 4363 Χριστῷ
970 4276 1147 4353 Ἰησοῦ
1188 4295 1298 4356 pro
1343 4275 1519 4352 Ἰησοῦ
1550 4279 1763 4360 Χριστῷ
1801 4296 1813 4338 :
1849 4278 2020 4356 quod
2063 4285 2226 4339 esset
2267 4296 2423 4339 usus
2454 4278 2854 4357 frequentior

721 4385 980 4468 (Godet).
1031 4385 1344 4465 Equidem
1381 4384 1595 4447 dicere
1625 4403 1843 4464 posses
1875 4385 2065 4447 illum
2094 4386 2208 4465 qui
2239 4385 2559 4448 scholium
2593 4386 2856 4465 scripsit
