<?xml version="1.0" encoding="UTF-8"?>
<!DOCTYPE html PUBLIC "-//W3C//DTD XHTML 1.0 Transitional//EN"
    "http://www.w3.org/TR/xhtml1/DTD/xhtml1-transitional.dtd">
<html xmlns="http://www.w3.org/1999/xhtml" xml:lang="en" lang="en">
 <head>
  <title>
</title>
<meta http-equiv="Content-Type" content="text/html;charset=utf-8" />
  <meta name='ocr-system' content='tesseract 3.04.00' />
  <meta name='ocr-capabilities' content='ocr_page ocr_carea ocr_par ocr_line ocrx_word'/>
</head>
<body>
  <div class='ocr_page' id='page_1' title='image "./depriorepauliad00boisgoog_0102.png"; bbox 0 0 3559 5609; ppageno 0'>
   <div class='ocr_carea' id='block_1_1' title="bbox 825 833 1988 895">
    <p class='ocr_par' dir='ltr' id='par_1_1' title="bbox 825 833 1988 895">
     <span class='ocr_line' id='line_1_1' title="bbox 825 833 1988 895; baseline -0.001 -10"><span class='ocrx_word' id='word_1_1' title='bbox 825 833 885 885; x_wconf 72' lang='lat'>94</span> <span class='ocrx_word' id='word_1_2' title='bbox 1803 833 1905 895; x_wconf 87' lang='lat' dir='ltr'>IX,</span> <span class='ocrx_word' id='word_1_3' title='bbox 1946 834 1988 884; x_wconf 90' lang='lat'>1.</span> 
     </span>
    </p>
   </div>
   <div class='ocr_carea' id='block_1_2' title="bbox 822 947 3043 1989">
    <p class='ocr_par' dir='ltr' id='par_1_2' title="bbox 822 947 3043 1989">
     <span class='ocr_line' id='line_1_2' title="bbox 825 947 2962 1026; baseline -0.001 -14"><span class='ocrx_word' id='word_1_4' title='bbox 825 949 995 1014; x_wconf 79' lang='lat' dir='ltr'>civili</span> <span class='ocrx_word' id='word_1_5' title='bbox 1025 949 1356 1026; x_wconf 85' lang='lat' dir='ltr'>libertate,</span> <span class='ocrx_word' id='word_1_6' title='bbox 1397 951 1468 1011; x_wconf 91' lang='lat' dir='ltr'>ni</span> <span class='ocrx_word' id='word_1_7' title='bbox 1513 948 1732 1024; x_wconf 91' lang='lat' dir='ltr'>fallor,</span> <span class='ocrx_word' id='word_1_8' title='bbox 1771 968 1987 1013; x_wconf 87' lang='lat' dir='ltr'>sermo</span> <span class='ocrx_word' id='word_1_9' title='bbox 2027 957 2142 1013; x_wconf 90' lang='lat' dir='ltr'>est.</span> <span class='ocrx_word' id='word_1_10' title='bbox 2179 949 2373 1012; x_wconf 90' lang='lat' dir='ltr'>Liber</span> <span class='ocrx_word' id='word_1_11' title='bbox 2415 959 2551 1012; x_wconf 90' lang='lat' dir='ltr'>erat</span> <span class='ocrx_word' id='word_1_12' title='bbox 2585 947 2859 1026; x_wconf 78' lang='lat' dir='ltr'>PauluS,</span> <span class='ocrx_word' id='word_1_13' title='bbox 2899 958 2962 1011; x_wconf 82' lang='lat' dir='ltr'>et</span> 
     </span>
     <span class='ocr_line' id='line_1_3' title="bbox 826 1056 2963 1137; baseline 0 -19"><span class='ocrx_word' id='word_1_14' title='bbox 826 1066 1043 1129; x_wconf 82' lang='lat' dir='ltr'>tamen</span> <span class='ocrx_word' id='word_1_15' title='bbox 1102 1056 1392 1120; x_wconf 89' lang='lat' dir='ltr'>laborare</span> <span class='ocrx_word' id='word_1_16' title='bbox 1444 1075 1575 1120; x_wconf 89' lang='lat' dir='ltr'>non</span> <span class='ocrx_word' id='word_1_17' title='bbox 1629 1058 1984 1134; x_wconf 75' lang='lat' dir='ltr'>dubitabat,</span> <span class='ocrx_word' id='word_1_18' title='bbox 2043 1057 2339 1136; x_wconf 87' lang='lat' dir='ltr'>quamvis</span> <span class='ocrx_word' id='word_1_19' title='bbox 2380 1057 2666 1119; x_wconf 89' lang='lat' dir='ltr'>laborem</span> <span class='ocrx_word' id='word_1_20' title='bbox 2709 1057 2963 1137; x_wconf 88' lang='lat' dir='ltr'>antiqui</span> 
     </span>
     <span class='ocr_line' id='line_1_4' title="bbox 824 1162 2962 1253; baseline -0 -28"><span class='ocrx_word' id='word_1_21' title='bbox 824 1162 1375 1253; x_wconf 70' lang='lat' dir='ltr'>oontemnendum</span> <span class='ocrx_word' id='word_1_22' title='bbox 1410 1163 1720 1226; x_wconf 84' lang='lat' dir='ltr'>ducerent</span> <span class='ocrx_word' id='word_1_23' title='bbox 1755 1173 1826 1225; x_wconf 88' lang='lat' dir='ltr'>ut</span> <span class='ocrx_word' id='word_1_24' title='bbox 1862 1162 2095 1226; x_wconf 82' lang='lat' dir='ltr'>servile</span> <span class='ocrx_word' id='word_1_25' title='bbox 2128 1180 2401 1238; x_wconf 89' lang='lat' dir='ltr'>munus,</span> <span class='ocrx_word' id='word_1_26' title='bbox 2435 1162 2572 1225; x_wconf 87' lang='lat' dir='ltr'>viro</span> <span class='ocrx_word' id='word_1_27' title='bbox 2614 1162 2962 1241; x_wconf 88' lang='lat' dir='ltr'>indignum</span> 
     </span>
     <span class='ocr_line' id='line_1_5' title="bbox 822 1269 2958 1359; baseline -0 -28"><span class='ocrx_word' id='word_1_28' title='bbox 822 1270 1131 1348; x_wconf 79' lang='lat' dir='ltr'>ingenuo,</span> <span class='ocrx_word' id='word_1_29' title='bbox 1157 1270 1336 1346; x_wconf 83' lang='lat' dir='ltr'><strong>Quae</strong></span> <span class='ocrx_word' id='word_1_30' title='bbox 1365 1271 1759 1359; x_wconf 82' lang='lat' dir='ltr'>significatio</span> <span class='ocrx_word' id='word_1_31' title='bbox 1792 1271 1968 1333; x_wconf 87' lang='lat' dir='ltr'>verbi</span> <span class='ocrx_word' id='word_1_32' title='bbox 1994 1269 2256 1353; x_wconf 78' lang='grc' dir='ltr'>ἐλεύθερος</span> <span class='ocrx_word' id='word_1_33' title='bbox 2285 1287 2434 1332; x_wconf 85' lang='lat' dir='ltr'>oum</span> <span class='ocrx_word' id='word_1_34' title='bbox 2464 1270 2790 1332; x_wconf 85' lang='lat' dir='ltr'>contextui</span> <span class='ocrx_word' id='word_1_35' title='bbox 2825 1269 2958 1343; x_wconf 91' lang='lat' dir='ltr'>toti,</span> 
     </span>
     <span class='ocr_line' id='line_1_6' title="bbox 826 1374 3043 1460; baseline -0.001 -22"><span class='ocrx_word' id='word_1_36' title='bbox 826 1385 962 1438; x_wconf 87' lang='lat' dir='ltr'>tum</span> <span class='ocrx_word' id='word_1_37' title='bbox 1012 1397 1070 1439; x_wconf 90' lang='lat' dir='ltr'>v.</span> <span class='ocrx_word' id='word_1_38' title='bbox 1120 1378 1153 1436; x_wconf 88' lang='grc'><strong>6</strong></span> <span class='ocrx_word' id='word_1_39' title='bbox 1204 1377 1522 1457; x_wconf 88' lang='lat' dir='ltr'>praeclare</span> <span class='ocrx_word' id='word_1_40' title='bbox 1567 1376 1909 1457; x_wconf 81' lang='lat' dir='ltr'>respondet</span> <span class='ocrx_word' id='word_1_41' title='bbox 1949 1402 1962 1438; x_wconf 70' lang='grc' dir='ltr'><strong>ι</strong></span> <span class='ocrx_word' id='word_1_42' title='bbox 2001 1376 2036 1451; x_wconf 77' lang='grc' dir='ltr'>ἢ</span> <span class='ocrx_word' id='word_1_43' title='bbox 2082 1375 2240 1457; x_wconf 81' lang='grc' dir='ltr'>μόνος</span> <span class='ocrx_word' id='word_1_44' title='bbox 2281 1376 2387 1458; x_wconf 82' lang='grc' dir='ltr'>ἐγὼ</span> <span class='ocrx_word' id='word_1_45' title='bbox 2428 1376 2519 1438; x_wconf 79' lang='grc' dir='ltr'>καὶ</span> <span class='ocrx_word' id='word_1_46' title='bbox 2552 1377 2829 1460; x_wconf 64' lang='grc' dir='ltr'><strong>Βαρὺάὸας</strong></span> <span class='ocrx_word' id='word_1_47' title='bbox 2869 1374 2964 1437; x_wconf 69' lang='grc' dir='ltr'>οὑκ</span> <span class='ocrx_word' id='word_1_48' title='bbox 3019 1429 3043 1449; x_wconf 85' lang='grc'>,</span> 
     </span>
     <span class='ocr_line' id='line_1_7' title="bbox 823 1482 2963 1568; baseline -0 -25"><span class='ocrx_word' id='word_1_49' title='bbox 823 1483 1015 1565; x_wconf 75' lang='grc' dir='ltr'><strong>ἔχομεν</strong></span> <span class='ocrx_word' id='word_1_50' title='bbox 1069 1482 1305 1553; x_wconf 76' lang='grc' dir='ltr'><strong>ἐξουσίαν</strong></span> <span class='ocrx_word' id='word_1_51' title='bbox 1360 1484 1439 1564; x_wconf 76' lang='grc' dir='ltr'>μὴ</span> <span class='ocrx_word' id='word_1_52' title='bbox 1496 1486 1848 1568; x_wconf 78' lang='grc' dir='ltr'><strong>ἐργάζεσθαι;</strong></span> <span class='ocrx_word' id='word_1_53' title='bbox 1909 1485 2107 1563; x_wconf 74' lang='lat' dir='ltr'>{gitur</span> <span class='ocrx_word' id='word_1_54' title='bbox 2156 1494 2268 1553; x_wconf 76' lang='grc' dir='ltr'>τοῖς</span> <span class='ocrx_word' id='word_1_55' title='bbox 2324 1495 2483 1545; x_wconf 82' lang='grc' dir='ltr'>πᾶσιν</span> <span class='ocrx_word' id='word_1_56' title='bbox 2533 1484 2704 1544; x_wconf 82' lang='grc' dir='ltr'>πάντα</span> <span class='ocrx_word' id='word_1_57' title='bbox 2754 1482 2963 1564; x_wconf 81' lang='grc' dir='ltr'>γέγονεν</span> 
     </span>
     <span class='ocr_line' id='line_1_8' title="bbox 824 1590 2960 1672; baseline -0.001 -20"><span class='ocrx_word' id='word_1_58' title='bbox 824 1590 1093 1667; x_wconf 90' lang='lat' dir='ltr'>Paulus,</span> <span class='ocrx_word' id='word_1_59' title='bbox 1144 1591 1350 1653; x_wconf 81' lang='lat' dir='ltr'>factus</span> <span class='ocrx_word' id='word_1_60' title='bbox 1394 1602 1489 1654; x_wconf 91' lang='lat' dir='ltr'>est</span> <span class='ocrx_word' id='word_1_61' title='bbox 1530 1609 1679 1655; x_wconf 85' lang='lat' dir='ltr'>oum</span> <span class='ocrx_word' id='word_1_62' title='bbox 1725 1590 1980 1672; x_wconf 89' lang='lat' dir='ltr'>judaeis</span> <span class='ocrx_word' id='word_1_63' title='bbox 2005 1592 2360 1672; x_wconf 85' lang='lat' dir='ltr'>judaeus...</span> <span class='ocrx_word' id='word_1_64' title='bbox 2412 1609 2765 1670; x_wconf 90' lang='lat' dir='ltr'>servusque</span> <span class='ocrx_word' id='word_1_65' title='bbox 2811 1607 2960 1652; x_wconf 84' lang='lat' dir='ltr'>cum</span> 
     </span>
     <span class='ocr_line' id='line_1_9' title="bbox 822 1698 2960 1778; baseline -0 -19"><span class='ocrx_word' id='word_1_66' title='bbox 822 1698 1046 1760; x_wconf 82' lang='lat' dir='ltr'>servis.</span> <span class='ocrx_word' id='word_1_67' title='bbox 1092 1721 1119 1752; x_wconf 77' lang='grc' dir='ltr'>ι</span> <span class='ocrx_word' id='word_1_68' title='bbox 1151 1699 1372 1761; x_wconf 90' lang='lat' dir='ltr'>Wenn</span> <span class='ocrx_word' id='word_1_69' title='bbox 1423 1717 1494 1761; x_wconf 93' lang='lat' dir='ltr'>er</span> <span class='ocrx_word' id='word_1_70' title='bbox 1539 1700 1611 1760; x_wconf 89' lang='lat' dir='ltr'>in</span> <span class='ocrx_word' id='word_1_71' title='bbox 1655 1698 1941 1771; x_wconf 83' lang='lat' dir='ltr'>Korinth</span> <span class='ocrx_word' id='word_1_72' title='bbox 1996 1699 2128 1759; x_wconf 90' lang='lat' dir='ltr'>und</span> <span class='ocrx_word' id='word_1_73' title='bbox 2178 1700 2246 1759; x_wconf 89' lang='lat' dir='ltr'>in</span> <span class='ocrx_word' id='word_1_74' title='bbox 2284 1699 2573 1778; x_wconf 82' lang='lat' dir='ltr'>Ephesus</span> <span class='ocrx_word' id='word_1_75' title='bbox 2619 1698 2709 1759; x_wconf 90' lang='lat' dir='ltr'>im</span> <span class='ocrx_word' id='word_1_76' title='bbox 2743 1698 2960 1759; x_wconf 90' lang='lat' dir='ltr'>Hause</span> 
     </span>
     <span class='ocr_line' id='line_1_10' title="bbox 824 1803 2957 1886; baseline -0.001 -20"><span class='ocrx_word' id='word_1_77' title='bbox 824 1805 959 1866; x_wconf 90' lang='lat' dir='ltr'>und</span> <span class='ocrx_word' id='word_1_78' title='bbox 1008 1806 1103 1866; x_wconf 90' lang='lat' dir='ltr'>im</span> <span class='ocrx_word' id='word_1_79' title='bbox 1160 1803 1463 1867; x_wconf 70' lang='lat' dir='ltr'>Geschaft</span> <span class='ocrx_word' id='word_1_80' title='bbox 1513 1805 1625 1866; x_wconf 90' lang='lat' dir='ltr'>des</span> <span class='ocrx_word' id='word_1_81' title='bbox 1672 1804 2384 1868; x_wconf 82' lang='lat' dir='ltr'>Zelttuohfabrikanten</span> <span class='ocrx_word' id='word_1_82' title='bbox 2442 1804 2686 1886; x_wconf 87' lang='lat' dir='ltr'>Aquila</span> <span class='ocrx_word' id='word_1_83' title='bbox 2742 1803 2957 1866; x_wconf 87' lang='lat' dir='ltr'>arbei-</span> 
     </span>
     <span class='ocr_line' id='line_1_11' title="bbox 823 1910 2955 1989; baseline 0 -16"><span class='ocrx_word' id='word_1_84' title='bbox 823 1920 967 1989; x_wconf 90' lang='lat' dir='ltr'>tete‚</span> <span class='ocrx_word' id='word_1_85' title='bbox 993 1928 1062 1975; x_wconf 90' lang='lat' dir='ltr'>so</span> <span class='ocrx_word' id='word_1_86' title='bbox 1091 1911 1177 1974; x_wconf 89' lang='lat' dir='ltr'>ist</span> <span class='ocrx_word' id='word_1_87' title='bbox 1205 1931 1275 1974; x_wconf 91' lang='lat' dir='ltr'>er</span> <span class='ocrx_word' id='word_1_88' title='bbox 1305 1910 1658 1975; x_wconf 83' lang='lat' dir='ltr'>sicherlich</span> <span class='ocrx_word' id='word_1_89' title='bbox 1688 1911 1799 1974; x_wconf 90' lang='lat' dir='ltr'>ein</span> <span class='ocrx_word' id='word_1_90' title='bbox 1835 1911 2239 1974; x_wconf 86' lang='lat' dir='ltr'>Mitarbeiter</span> <span class='ocrx_word' id='word_1_91' title='bbox 2264 1929 2390 1975; x_wconf 87' lang='lat' dir='ltr'>von</span> <span class='ocrx_word' id='word_1_92' title='bbox 2426 1910 2703 1975; x_wconf 88' lang='lat' dir='ltr'>Sclaven</span> <span class='ocrx_word' id='word_1_93' title='bbox 2736 1927 2955 1989; x_wconf 85' lang='lat' dir='ltr'>gowe-</span> 
     </span>
    </p>
   </div>
   <div class='ocr_carea' id='block_1_3' title="bbox 822 2017 2010 2309">
    <p class='ocr_par' dir='ltr' id='par_1_3' title="bbox 822 2017 2010 2309">
     <span class='ocr_line' id='line_1_12' title="bbox 822 2017 1153 2099; baseline -0.003 -18"><span class='ocrx_word' id='word_1_94' title='bbox 822 2036 940 2081; x_wconf 68' lang='lat' dir='ltr'>flfln</span> <span class='ocrx_word' id='word_1_95' title='bbox 973 2017 1087 2099; x_wconf 83' lang='lat'>(1).</span> <span class='ocrx_word' id='word_1_96' title='bbox 1125 2042 1153 2073; x_wconf 81' lang='grc'><strong>»</strong></span> 
     </span>
     <span class='ocr_line' id='line_1_13' title="bbox 1771 2232 2010 2309; baseline -0.008 -13"><span class='ocrx_word' id='word_1_97' title='bbox 1771 2233 1913 2309; x_wconf 73' lang='lat' dir='ltr'>IX,</span> <span class='ocrx_word' id='word_1_98' title='bbox 1951 2232 2010 2296; x_wconf 89' lang='lat'>3.</span> 
     </span>
    </p>
   </div>
   <div class='ocr_carea' id='block_1_4' title="bbox 815 2445 2961 3062">
    <p class='ocr_par' dir='ltr' id='par_1_4' title="bbox 815 2445 2961 3062">
     <span class='ocr_line' id='line_1_14' title="bbox 902 2445 2955 2527; baseline -0.001 -18"><span class='ocrx_word' id='word_1_99' title='bbox 902 2446 1071 2510; x_wconf 88' lang='lat' dir='ltr'>Male</span> <span class='ocrx_word' id='word_1_100' title='bbox 1101 2447 1343 2526; x_wconf 89' lang='lat' dir='ltr'>sprevit</span> <span class='ocrx_word' id='word_1_101' title='bbox 1375 2445 1582 2521; x_wconf 82' lang='lat' dir='ltr'>Godet,</span> <span class='ocrx_word' id='word_1_102' title='bbox 1607 2445 1767 2527; x_wconf 87' lang='lat' dir='ltr'>(nisi</span> <span class='ocrx_word' id='word_1_103' title='bbox 1786 2446 1948 2507; x_wconf 88' lang='lat' dir='ltr'>forte</span> <span class='ocrx_word' id='word_1_104' title='bbox 1970 2445 2343 2524; x_wconf 86' lang='lat' dir='ltr'>ignoravit),</span> <span class='ocrx_word' id='word_1_105' title='bbox 2358 2446 2955 2527; x_wconf 74' lang='lat' dir='ltr'>interpretationem</span> 
     </span>
     <span class='ocr_line' id='line_1_15' title="bbox 819 2553 2955 2634; baseline -0 -19"><span class='ocrx_word' id='word_1_106' title='bbox 819 2554 886 2615; x_wconf 88' lang='lat' dir='ltr'>h.</span> <span class='ocrx_word' id='word_1_107' title='bbox 928 2553 976 2615; x_wconf 92' lang='lat' dir='ltr'>l.</span> <span class='ocrx_word' id='word_1_108' title='bbox 1014 2570 1141 2634; x_wconf 88' lang='lat' dir='ltr'>qua</span> <span class='ocrx_word' id='word_1_109' title='bbox 1180 2573 1242 2614; x_wconf 89' lang='lat' dir='ltr'>v.</span> <span class='ocrx_word' id='word_1_110' title='bbox 1285 2553 1320 2615; x_wconf 87' lang='lat'><strong>3</strong></span> <span class='ocrx_word' id='word_1_111' title='bbox 1361 2569 1492 2614; x_wconf 87' lang='lat' dir='ltr'>nou</span> <span class='ocrx_word' id='word_1_112' title='bbox 1536 2569 1687 2615; x_wconf 85' lang='lat' dir='ltr'>cum</span> <span class='ocrx_word' id='word_1_113' title='bbox 1730 2553 2154 2631; x_wconf 67' lang='lat' dir='ltr'>praegressis»,</span> <span class='ocrx_word' id='word_1_114' title='bbox 2193 2553 2305 2614; x_wconf 90' lang='lat' dir='ltr'>sed</span> <span class='ocrx_word' id='word_1_115' title='bbox 2344 2570 2493 2615; x_wconf 85' lang='lat' dir='ltr'>oum</span> <span class='ocrx_word' id='word_1_116' title='bbox 2538 2553 2955 2632; x_wconf 84' lang='lat' dir='ltr'>sequentibus</span> 
     </span>
     <span class='ocr_line' id='line_1_16' title="bbox 816 2657 2961 2740; baseline 0 -18"><span class='ocrx_word' id='word_1_117' title='bbox 816 2661 957 2739; x_wconf 83' lang='lat' dir='ltr'>conj</span> <span class='ocrx_word' id='word_1_118' title='bbox 970 2659 1268 2738; x_wconf 87' lang='lat' dir='ltr'>ungitur,</span> <span class='ocrx_word' id='word_1_119' title='bbox 1296 2666 1490 2739; x_wconf 87' lang='lat' dir='ltr'>atque</span> <span class='ocrx_word' id='word_1_120' title='bbox 1518 2660 1587 2720; x_wconf 90' lang='lat' dir='ltr'>in</span> <span class='ocrx_word' id='word_1_121' title='bbox 1624 2657 1932 2736; x_wconf 84' lang='lat' dir='ltr'>Vulgata,</span> <span class='ocrx_word' id='word_1_122' title='bbox 1965 2676 2129 2737; x_wconf 87' lang='lat' dir='ltr'>quae</span> <span class='ocrx_word' id='word_1_123' title='bbox 2158 2658 2426 2736; x_wconf 90' lang='lat' dir='ltr'>dicitur,</span> <span class='ocrx_word' id='word_1_124' title='bbox 2456 2659 2739 2723; x_wconf 83' lang='lat' dir='ltr'>editione</span> <span class='ocrx_word' id='word_1_125' title='bbox 2771 2678 2961 2740; x_wconf 89' lang='lat' dir='ltr'>repe-</span> 
     </span>
     <span class='ocr_line' id='line_1_17' title="bbox 816 2754 2954 2847; baseline 0 -20"><span class='ocrx_word' id='word_1_126' title='bbox 816 2766 937 2828; x_wconf 89' lang='lat' dir='ltr'>riri</span> <span class='ocrx_word' id='word_1_127' title='bbox 981 2774 1186 2847; x_wconf 90' lang='lat' dir='ltr'>potest</span> <span class='ocrx_word' id='word_1_128' title='bbox 1221 2785 1235 2828; x_wconf 77' lang='lat' dir='ltr'><em>z</em></span> <span class='ocrx_word' id='word_1_129' title='bbox 1275 2754 1487 2828; x_wconf 72' lang='lat' dir='ltr'>«Mea</span> <span class='ocrx_word' id='word_1_130' title='bbox 1525 2765 1819 2828; x_wconf 84' lang='lat' dir='ltr'>defensio</span> <span class='ocrx_word' id='word_1_131' title='bbox 1853 2756 2022 2845; x_wconf 77' lang='lat' dir='ltr'>apu&#39;d</span> <span class='ocrx_word' id='word_1_132' title='bbox 2065 2776 2178 2828; x_wconf 85' lang='lat' dir='ltr'>eos·</span> <span class='ocrx_word' id='word_1_133' title='bbox 2215 2769 2327 2846; x_wconf 87' lang='lat' dir='ltr'>qui</span> <span class='ocrx_word' id='word_1_134' title='bbox 2373 2786 2475 2829; x_wconf 91' lang='lat' dir='ltr'>me</span> <span class='ocrx_word' id='word_1_135' title='bbox 2513 2768 2954 2845; x_wconf 86' lang='lat' dir='ltr'>interrogant,</span> 
     </span>
     <span class='ocr_line' id='line_1_18' title="bbox 815 2872 2952 2954; baseline -0.001 -18"><span class='ocrx_word' id='word_1_136' title='bbox 815 2873 975 2936; x_wconf 83' lang='lat' dir='ltr'>haec</span> <span class='ocrx_word' id='word_1_137' title='bbox 1021 2880 1114 2936; x_wconf 87' lang='lat' dir='ltr'>est</span> <span class='ocrx_word' id='word_1_138' title='bbox 1146 2895 1159 2934; x_wconf 92' lang='lat'>:</span> <span class='ocrx_word' id='word_1_139' title='bbox 1199 2890 1415 2936; x_wconf 88' lang='lat' dir='ltr'>nonne</span> <span class='ocrx_word' id='word_1_140' title='bbox 1451 2881 1827 2954; x_wconf 88' lang='lat' dir='ltr'>potestatem</span> <span class='ocrx_word' id='word_1_141' title='bbox 1862 2872 2299 2937; x_wconf 79' lang='lat' dir='ltr'>habemus...?</span> <span class='ocrx_word' id='word_1_142' title='bbox 2335 2898 2362 2929; x_wconf 69' lang='lat' dir='ltr'>n</span> <span class='ocrx_word' id='word_1_143' title='bbox 2402 2875 2610 2950; x_wconf 86' lang='lat' dir='ltr'>Quem</span> <span class='ocrx_word' id='word_1_144' title='bbox 2651 2873 2952 2936; x_wconf 81' lang='lat' dir='ltr'>ordinem</span> 
     </span>
     <span class='ocr_line' id='line_1_19' title="bbox 817 2978 2616 3062; baseline -0.001 -20"><span class='ocrx_word' id='word_1_145' title='bbox 817 2986 878 3042; x_wconf 87' lang='lat' dir='ltr'>et</span> <span class='ocrx_word' id='word_1_146' title='bbox 906 2988 1237 3043; x_wconf 81' lang='lat' dir='ltr'>contextus</span> <span class='ocrx_word' id='word_1_147' title='bbox 1259 2990 1320 3043; x_wconf 89' lang='lat' dir='ltr'>et</span> <span class='ocrx_word' id='word_1_148' title='bbox 1348 2980 1705 3062; x_wconf 83' lang='lat' dir='ltr'>asyndeton</span> <span class='ocrx_word' id='word_1_149' title='bbox 1737 2978 1908 3041; x_wconf 90' lang='lat' dir='ltr'>mihi</span> <span class='ocrx_word' id='word_1_150' title='bbox 1940 2979 2259 3060; x_wconf 86' lang='lat' dir='ltr'>postulare</span> <span class='ocrx_word' id='word_1_151' title='bbox 2291 2980 2616 3043; x_wconf 90' lang='lat' dir='ltr'>videntur.</span> 
     </span>
    </p>
   </div>
   <div class='ocr_carea' id='block_1_5' title="bbox 1629 3160 2083 3274">
    <p class='ocr_par' dir='ltr' id='par_1_5' title="bbox 1629 3160 2083 3274">
     <span class='ocr_line' id='line_1_20' title="bbox 1629 3160 2083 3274; baseline 0 -18"><span class='ocrx_word' id='word_1_152' title='bbox 1629 3160 1633 3165; x_wconf 68' lang='grc'>’</span> <span class='ocrx_word' id='word_1_153' title='bbox 1683 3194 1823 3274; x_wconf 79' lang='lat' dir='ltr'>lx,</span> <span class='ocrx_word' id='word_1_154' title='bbox 1873 3193 2083 3256; x_wconf 82' lang='lat'><strong>10-12.</strong></span> 
     </span>
    </p>
   </div>
   <div class='ocr_carea' id='block_1_6' title="bbox 813 3406 2952 4132">
    <p class='ocr_par' dir='ltr' id='par_1_6' title="bbox 813 3406 2952 4132">
     <span class='ocr_line' id='line_1_21' title="bbox 896 3406 2952 3492; baseline 0 -23"><span class='ocrx_word' id='word_1_155' title='bbox 896 3406 1226 3470; x_wconf 85' lang='lat' dir='ltr'>Adversus</span> <span class='ocrx_word' id='word_1_156' title='bbox 1252 3422 1480 3469; x_wconf 87' lang='lat' dir='ltr'>omnes</span> <span class='ocrx_word' id='word_1_157' title='bbox 1503 3426 1563 3468; x_wconf 90' lang='lat' dir='ltr'>v.</span> <span class='ocrx_word' id='word_1_158' title='bbox 1581 3407 1799 3492; x_wconf 56' lang='lat' dir='ltr'>mimae</span> <span class='ocrx_word' id='word_1_159' title='bbox 1825 3406 2280 3469; x_wconf 86' lang='lat' dir='ltr'>translationes</span> <span class='ocrx_word' id='word_1_160' title='bbox 2309 3407 2766 3485; x_wconf 88' lang='lat' dir='ltr'>gravissimum</span> <span class='ocrx_word' id='word_1_161' title='bbox 2785 3407 2952 3470; x_wconf 89' lang='lat' dir='ltr'>illud</span> 
     </span>
     <span class='ocr_line' id='line_1_22' title="bbox 816 3512 2952 3595; baseline -0 -18"><span class='ocrx_word' id='word_1_162' title='bbox 816 3524 912 3578; x_wconf 85' lang='lat' dir='ltr'>est</span> <span class='ocrx_word' id='word_1_163' title='bbox 938 3513 1393 3594; x_wconf 83' lang='lat' dir='ltr'>objectandum</span> <span class='ocrx_word' id='word_1_164' title='bbox 1430 3537 1443 3573; x_wconf 93' lang='lat'>:</span> <span class='ocrx_word' id='word_1_165' title='bbox 1479 3512 1794 3593; x_wconf 79' lang='lat' dir='ltr'>periodus,</span> <span class='ocrx_word' id='word_1_166' title='bbox 1816 3531 1967 3577; x_wconf 82' lang='lat' dir='ltr'>cum</span> <span class='ocrx_word' id='word_1_167' title='bbox 2002 3514 2353 3592; x_wconf 87' lang='lat' dir='ltr'>negatione</span> <span class='ocrx_word' id='word_1_168' title='bbox 2380 3517 2440 3574; x_wconf 77' lang='grc' dir='ltr'>οὐ</span> <span class='ocrx_word' id='word_1_169' title='bbox 2473 3523 2715 3595; x_wconf 85' lang='lat' dir='ltr'>careat,</span> <span class='ocrx_word' id='word_1_170' title='bbox 2753 3514 2952 3578; x_wconf 90' lang='lat' dir='ltr'>intel-</span> 
     </span>
     <span class='ocr_line' id='line_1_23' title="bbox 813 3620 2951 3703; baseline -0 -19"><span class='ocrx_word' id='word_1_171' title='bbox 813 3620 931 3701; x_wconf 88' lang='lat' dir='ltr'>ligi</span> <span class='ocrx_word' id='word_1_172' title='bbox 961 3639 1092 3685; x_wconf 90' lang='lat' dir='ltr'>non</span> <span class='ocrx_word' id='word_1_173' title='bbox 1130 3630 1353 3701; x_wconf 86' lang='lat' dir='ltr'>potest.</span> <span class='ocrx_word' id='word_1_174' title='bbox 1400 3620 1581 3684; x_wconf 81' lang='lat' dir='ltr'>Godet</span> <span class='ocrx_word' id='word_1_175' title='bbox 1603 3621 1671 3684; x_wconf 92' lang='lat' dir='ltr'>id</span> <span class='ocrx_word' id='word_1_176' title='bbox 1706 3622 1990 3685; x_wconf 86' lang='lat' dir='ltr'>sensisse</span> <span class='ocrx_word' id='word_1_177' title='bbox 2020 3639 2151 3685; x_wconf 92' lang='lat' dir='ltr'>non</span> <span class='ocrx_word' id='word_1_178' title='bbox 2189 3623 2462 3686; x_wconf 89' lang='lat' dir='ltr'>videtur.</span> <span class='ocrx_word' id='word_1_179' title='bbox 2506 3624 2586 3684; x_wconf 90' lang='lat' dir='ltr'>In</span> <span class='ocrx_word' id='word_1_180' title='bbox 2618 3643 2681 3685; x_wconf 90' lang='lat' dir='ltr'>v.</span> <span class='ocrx_word' id='word_1_181' title='bbox 2715 3623 2753 3685; x_wconf 90' lang='lat'>8</span> <span class='ocrx_word' id='word_1_182' title='bbox 2780 3622 2843 3683; x_wconf 82' lang='grc' dir='ltr'>τὸ</span> <span class='ocrx_word' id='word_1_183' title='bbox 2875 3621 2951 3703; x_wconf 80' lang='grc' dir='ltr'>μή</span> 
     </span>
     <span class='ocr_line' id='line_1_24' title="bbox 814 3708 2949 3810; baseline -0.001 -17"><span class='ocrx_word' id='word_1_184' title='bbox 814 3729 1063 3793; x_wconf 89' lang='lat' dir='ltr'>duobus</span> <span class='ocrx_word' id='word_1_185' title='bbox 1093 3730 1404 3792; x_wconf 87' lang='lat' dir='ltr'>membris</span> <span class='ocrx_word' id='word_1_186' title='bbox 1430 3730 1756 3810; x_wconf 75' lang='lat' dir='ltr'>Jungitur.</span> <span class='ocrx_word' id='word_1_187' title='bbox 1791 3708 2036 3792; x_wconf 63' lang='lat' dir='ltr'>Ver⁸um</span> <span class='ocrx_word' id='word_1_188' title='bbox 2069 3748 2143 3790; x_wconf 87' lang='lat' dir='ltr'>ex</span> <span class='ocrx_word' id='word_1_189' title='bbox 2174 3747 2248 3792; x_wconf 93' lang='lat' dir='ltr'>eo</span> <span class='ocrx_word' id='word_1_190' title='bbox 2282 3729 2454 3810; x_wconf 91' lang='lat' dir='ltr'>quod</span> <span class='ocrx_word' id='word_1_191' title='bbox 2483 3732 2543 3789; x_wconf 80' lang='grc' dir='ltr'>οὐ</span> <span class='ocrx_word' id='word_1_192' title='bbox 2571 3733 2642 3791; x_wconf 90' lang='lat' dir='ltr'>in</span> <span class='ocrx_word' id='word_1_193' title='bbox 2673 3730 2949 3793; x_wconf 81' lang='lat' dir='ltr'>alterum</span> 
     </span>
     <span class='ocr_line' id='line_1_25' title="bbox 816 3830 2948 3916; baseline -0 -18"><span class='ocrx_word' id='word_1_194' title='bbox 816 3837 1182 3899; x_wconf 90' lang='lat' dir='ltr'>membrum</span> <span class='ocrx_word' id='word_1_195' title='bbox 1216 3836 1561 3915; x_wconf 79' lang='lat' dir='ltr'>inducitur,</span> <span class='ocrx_word' id='word_1_196' title='bbox 1599 3830 1878 3900; x_wconf 80' lang='lat' dir='ltr'>efficitur</span> <span class='ocrx_word' id='word_1_197' title='bbox 1899 3845 1990 3913; x_wconf 91' lang='lat' dir='ltr'>ut,</span> <span class='ocrx_word' id='word_1_198' title='bbox 2016 3836 2174 3898; x_wconf 91' lang='lat' dir='ltr'>dum</span> <span class='ocrx_word' id='word_1_199' title='bbox 2201 3845 2343 3916; x_wconf 90' lang='lat' dir='ltr'>post</span> <span class='ocrx_word' id='word_1_200' title='bbox 2372 3839 2552 3916; x_wconf 85' lang='lat' dir='ltr'>prius</span> <span class='ocrx_word' id='word_1_201' title='bbox 2581 3836 2948 3898; x_wconf 89' lang='lat' dir='ltr'>membrum</span> 
     </span>
     <span class='ocr_line' id='line_1_26' title="bbox 814 3941 2949 4025; baseline -0.003 -17"><span class='ocrx_word' id='word_1_202' title='bbox 814 3945 1114 4023; x_wconf 87' lang='lat' dir='ltr'>negativa</span> <span class='ocrx_word' id='word_1_203' title='bbox 1165 3945 1496 4025; x_wconf 88' lang='lat' dir='ltr'>responsio</span> <span class='ocrx_word' id='word_1_204' title='bbox 1547 3950 1966 4024; x_wconf 81' lang='lat' dir='ltr'>exspectetur,</span> <span class='ocrx_word' id='word_1_205' title='bbox 2025 3942 2412 4005; x_wconf 87' lang='lat' dir='ltr'>affirmativa</span> <span class='ocrx_word' id='word_1_206' title='bbox 2455 3951 2677 4007; x_wconf 87' lang='lat' dir='ltr'>contra</span> <span class='ocrx_word' id='word_1_207' title='bbox 2724 3941 2949 4005; x_wconf 89' lang='lat' dir='ltr'>debeat</span> 
     </span>
     <span class='ocr_line' id='line_1_27' title="bbox 813 4048 2945 4132; baseline -0.001 -19"><span class='ocrx_word' id='word_1_208' title='bbox 813 4067 951 4113; x_wconf 87' lang='lat' dir='ltr'>esse</span> <span class='ocrx_word' id='word_1_209' title='bbox 979 4060 1118 4132; x_wconf 86' lang='lat' dir='ltr'>post</span> <span class='ocrx_word' id='word_1_210' title='bbox 1144 4051 1478 4131; x_wconf 90' lang='lat' dir='ltr'>posterius.</span> <span class='ocrx_word' id='word_1_211' title='bbox 1504 4049 1631 4113; x_wconf 86' lang='lat' dir='ltr'>Sed</span> <span class='ocrx_word' id='word_1_212' title='bbox 1653 4051 1724 4111; x_wconf 90' lang='lat' dir='ltr'>in</span> <span class='ocrx_word' id='word_1_213' title='bbox 1747 4068 1808 4113; x_wconf 86' lang='lat' dir='ltr'>v.</span> <span class='ocrx_word' id='word_1_214' title='bbox 1836 4049 1907 4119; x_wconf 76' lang='lat'>10</span> <span class='ocrx_word' id='word_1_215' title='bbox 1929 4048 1992 4111; x_wconf 86' lang='grc' dir='ltr'>τὸ</span> <span class='ocrx_word' id='word_1_216' title='bbox 2010 4052 2070 4110; x_wconf 79' lang='grc' dir='ltr'>οὐ</span> <span class='ocrx_word' id='word_1_217' title='bbox 2091 4049 2291 4129; x_wconf 87' lang='lat' dir='ltr'>deest,</span> <span class='ocrx_word' id='word_1_218' title='bbox 2312 4058 2374 4113; x_wconf 89' lang='lat' dir='ltr'>et</span> <span class='ocrx_word' id='word_1_219' title='bbox 2398 4049 2464 4112; x_wconf 81' lang='grc' dir='ltr'>τὸ</span> <span class='ocrx_word' id='word_1_220' title='bbox 2492 4050 2569 4131; x_wconf 79' lang='grc' dir='ltr'>μή</span> <span class='ocrx_word' id='word_1_221' title='bbox 2600 4050 2770 4131; x_wconf 86' lang='lat' dir='ltr'>quod</span> <span class='ocrx_word' id='word_1_222' title='bbox 2790 4049 2945 4111; x_wconf 91' lang='lat' dir='ltr'>duo-</span> 
     </span>
    </p>
   </div>
   <div class='ocr_carea' id='block_1_7' title="bbox 814 4276 2941 4473">
    <p class='ocr_par' dir='ltr' id='par_1_7' title="bbox 814 4276 2941 4473">
     <span class='ocr_line' id='line_1_28' title="bbox 875 4276 2941 4385; baseline -0.002 -13"><span class='ocrx_word' id='word_1_223' title='bbox 875 4319 944 4385; x_wconf 85' lang='lat'>(1)</span> <span class='ocrx_word' id='word_1_224' title='bbox 971 4321 1253 4370; x_wconf 83' lang='lat' dir='ltr'>Sclaverei</span> <span class='ocrx_word' id='word_1_225' title='bbox 1283 4322 1407 4369; x_wconf 82' lang='lat' dir='ltr'>und</span> <span class='ocrx_word' id='word_1_226' title='bbox 1438 4319 1865 4368; x_wconf 81' lang='lat' dir='ltr'>Christenthum</span> <span class='ocrx_word' id='word_1_227' title='bbox 1895 4320 1959 4367; x_wconf 82' lang='lat' dir='ltr'>in</span> <span class='ocrx_word' id='word_1_228' title='bbox 1990 4276 2092 4368; x_wconf 77' lang='lat' dir='ltr'>der</span> <span class='ocrx_word' id='word_1_229' title='bbox 2120 4320 2272 4373; x_wconf 77' lang='lat' dir='ltr'>alten</span> <span class='ocrx_word' id='word_1_230' title='bbox 2308 4322 2469 4382; x_wconf 69' lang='lat' dir='ltr'>walt,</span> <span class='ocrx_word' id='word_1_231' title='bbox 2501 4331 2613 4369; x_wconf 89' lang='lat' dir='ltr'>von</span> <span class='ocrx_word' id='word_1_232' title='bbox 2647 4320 2742 4368; x_wconf 87' lang='lat' dir='ltr'>Th.</span> <span class='ocrx_word' id='word_1_233' title='bbox 2769 4321 2941 4368; x_wconf 81' lang='lat' dir='ltr'>zahn.</span> 
     </span>
     <span class='ocr_line' id='line_1_29' title="bbox 814 4406 2086 4473; baseline -0.003 -12"><span class='ocrx_word' id='word_1_234' title='bbox 814 4409 1165 4473; x_wconf 84' lang='lat' dir='ltr'>Heidelberg,</span> <span class='ocrx_word' id='word_1_235' title='bbox 1199 4408 1337 4471; x_wconf 85' lang='lat'>1879,</span> <span class='ocrx_word' id='word_1_236' title='bbox 1368 4423 1424 4472; x_wconf 83' lang='lat' dir='ltr'>p.</span> <span class='ocrx_word' id='word_1_237' title='bbox 1459 4407 1609 4459; x_wconf 76' lang='lat'>19-20</span> <span class='ocrx_word' id='word_1_238' title='bbox 1639 4406 1720 4471; x_wconf 91' lang='lat'>(=</span> <span class='ocrx_word' id='word_1_239' title='bbox 1752 4407 1999 4472; x_wconf 87' lang='lat'>159-160).</span> <span class='ocrx_word' id='word_1_240' title='bbox 2081 4440 2086 4445; x_wconf 89' lang='lat'>-</span> 
     </span>
    </p>
   </div>
  </div>
 </body>
</html>
