3559 5609
1443 823 1579 886 ΧΠ,
1617 819 1787 872 12-13.
2096 834 2107 843 -
2598 815 2688 866 123

557 945 941 1009 dubitabant
984 938 1418 1023 blasphemias
1464 939 1612 1002 illas
1641 941 1878 1002 iterum
1908 936 2153 1010 dicere,
2188 933 2424 1014 quibus
2455 933 2495 994 J
2501 950 2684 995 esum

553 1057 596 1119 J
602 1036 806 1118 udaei'
828 1061 938 1116 aut
965 1053 1179 1133 reipsa
1213 1050 1629 1130 increpabant
1651 1054 1763 1109 aut
1781 1046 2113 1124 increpare
2141 1041 2521 1123 potuissent,
2555 1042 2690 1104 sive

549 1164 614 1222 iu
647 1160 932 1241 judici0‚
970 1160 1104 1222 sive
1140 1160 1209 1220 in
1243 1175 1317 1221 eo
1347 1157 1507 1232 1666,
1541 1157 1613 1218 in
1644 1171 1773 1235 quo
1802 1155 1994 1216 Jesus
2022 1151 2365 1215 crucifixus
2406 1150 2548 1214 fuit.
2593 1149 2685 1210 Ex

551 1267 651 1328 his
677 1266 980 1355 explicari
1011 1274 1215 1347 potest
1253 1284 1367 1328 cur
1400 1263 1641 1327 Paulus
1683 1279 1813 1324 non
1843 1262 2080 1341 ἀνάθεμα
2108 1256 2368 1343 Χριστός,
2403 1257 2514 1319 sed
2548 1256 2685 1318 ἀνά-

549 1381 683 1454 θεμα
727 1371 936 1447 Ἰησοῦς
970 1373 1299 1454 scripserit
1327 1398 1340 1433 :
1379 1388 1714 1452 nunquam
1746 1368 1923 1432 enirn
1955 1366 2191 1447 ἀνάθεμα
2214 1364 2442 1449 Χριστός
2472 1364 2684 1427 dicere

546 1481 586 1541 J
593 1480 834 1542 udaeus
864 1479 1190 1559 potuisset.

1403 1691 1567 1768 XII,
1607 1689 1817 1757 12-13.
1850 1734 1858 1742 ·

626 1906 752 1969 Vix
797 1905 1056 1968 defendi
1107 1913 1311 1986 potest
1350 1906 1794 1986 interpretatio
1844 1923 2040 1985 quam
2084 1905 2164 1967 de
2219 1923 2278 1964 v.
2328 1901 2555 1987 Χριστός
2614 1903 2682 1964 in

548 2014 619 2075 h.
672 2034 729 2074 V.
786 2011 977 2075 Godet
1018 2013 1221 2074 affert.
1275 2012 1461 2087 Quod
1508 2013 1700 2074 etiam
1748 2011 1960 2074 verbis
2021 2014 2160 2094 ejus
2204 2011 2686 2075 demonstratur

556 2118 645 2201 (p.
680 2121 821 2203 217)
857 2145 870 2180 :
915 2145 945 2176 «
977 2137 1059 2182 on
1098 2120 1386 2200 pourrait
1419 2120 1560 2182 dire
1589 2119 1669 2182 de
1703 2118 1916 2182 meme
1945 2137 2026 2181 en
2063 2119 2407 2197 designant
2440 2136 2567 2180 une
2594 2117 2686 2179 loi

548 2227 627 2289 de
666 2227 1055 2289 l’humanite
1098 2226 1415 2288 naturelle
1468 2245 1482 2289 ε
1531 2249 1558 2282 α
1611 2226 1669 2286 11
1713 2244 1793 2288 611
1840 2233 1935 2287 est
1962 2225 2134 2287 ainsi
2163 2244 2244 2286 en
2281 2226 2489 2287 Adam
2531 2250 2559 2281 n
2599 2241 2680 2287 ou

550 2325 630 2399 611
663 2335 993 2415 signalant
1019 2354 1149 2398 une
1170 2335 1257 2399 loi
1283 2337 1361 2398 de
1389 2334 1770 2397 l’economie
1793 2333 1975 2414 juive
2009 2357 2022 2393 z
2061 2357 2090 2389 α
2118 2333 2176 2394 11
2204 2351 2289 2396 611
2321 2352 2358 2394 a
2388 2337 2485 2394 ete
2514 2332 2684 2395 ainsi

552 2463 631 2507 en
675 2443 1026 2506 Abraham.
1075 2468 1103 2499 x>
1143 2444 1241 2505 Ita
1276 2461 1462 2519 sane,
1521 2461 1595 2505 ea
1627 2450 1840 2507 tamen
1879 2441 2060 2519 lege,
2115 2449 2186 2502 ut
2233 2440 2303 2500 in
2355 2456 2583 2519 graeco
2619 2442 2683 2499 ἐν

559 2550 757 2632 Ἀδάμ,
790 2555 854 2612 ἐν
896 2550 1165 2635 Ἀὃραάμ,
1199 2555 1263 2613 ἐν
1290 2554 1504 2636 Χριστῷ
1536 2551 1881 2630 legeretur.
1918 2574 1949 2607 «
1985 2551 2081 2612 Le.
2104 2559 2303 2611 terme
2325 2547 2552 2633 Χριστός
2579 2548 2682 2610 (16-

551 2660 737 2738 sigue
763 2660 850 2737 ⁴ici
879 2668 1048 2722 toute
1085 2659 1462 2723 l'economie
1495 2659 1851 2741 spirituelle
1882 2659 2036 2722 dont
2084 2657 2132 2719 il
2176 2657 2448 2741 (Χριστός)
2499 2663 2594 2719 est
2622 2655 2683 2718 le

550 2766 841 2847 principe
872 2784 951 2828 en
982 2768 1339 2848 opposition
1370 2772 1408 2829 a
1443 2767 1822 2831 l’economie
1855 2765 2171 2829 naturelle
2200 2769 2238 2826 a
2260 2764 2541 2845 laquelle
2569 2782 2682 2843 ap-

549 2858 828 2954 partient
871 2872 931 2935 16
966 2890 1150 2953 corps
1190 2874 1489 2936 humain.
1539 2900 1563 2927 1>
1612 2875 1787 2936 Haec
1830 2891 2056 2954 parum
2101 2872 2377 2952 placent.
2423 2872 2685 2950 Oportet

554 2981 877 3060 imprimis
911 2982 1236 3044 confidere
1275 2999 1501 3061 parum
1551 2982 1868 3059 argutulis
1913 2981 2053 3043 istis
2101 2978 2683 3057 significationibus

551 3107 713 3169 quas
757 3089 1054 3169 impediti
1097 3097 1632 3152 commentatores
1669 3090 1882 3152 verbis
1919 3107 2085 3170 quae
2117 3105 2255 3151 non
2309 3079 2687 3164 intelligunt

553 3205 793 3259 temere
818 3197 1211 3258 tribuunt—
1238 3220 1269 3253 «
1290 3215 1396 3258 1116
1427 3221 1454 3252 ι)
1481 3204 1552 3258 ut
1579 3197 1791 3259 dicere
1820 3195 2047 3258 solent.
2069 3197 2427 3271 Praeterea,
2451 3210 2680 3275 quam-

551 3304 648 3364 vis
674 3302 930 3366 subtilis
958 3303 1251 3366 videatur
1277 3303 1501 3380 Godet,
1530 3321 1663 3366 non
1691 3305 2072 3384 introspexit
2095 3321 2290 3385 quam
2314 3302 2681 3366 reconditae
2790 3346 2797 3351 -

550 3411 910 3472 sententiae
943 3413 1201 3490 penitus
1230 3412 1302 3472 in
1336 3411 1523 3473 Pauli
1555 3411 1766 3473 verbis
1797 3411 2091 3475 laterent.

628 3519 708 3580 V.
753 3519 823 3578 12
854 3536 949 3597 sq.
985 3527 1224 3582 attente
1258 3519 1481 3598 legens
1525 3522 1761 3583 senties
1797 3538 1972 3583 nunc
2002 3521 2332 3583 Christum
2379 3536 2508 3582 esse
2539 3538 2677 3583 cor·

549 3645 705 3705 puS‚
754 3640 928 3687 nunc
976 3625 1308 3688 Christum
1346 3627 1565 3689 habere
1602 3645 1854 3708 corpus,
1899 3629 2076 3690 Haec
2119 3628 2259 3689 sine
2307 3625 2681 3688 difficultate

552 3733 900 3816 intelliges,
928 3734 982 3796 si
1014 3752 1267 3796 mecum
1290 3735 1619 3797 existimes
1651 3734 1931 3796 Paulum
1954 3735 2317 3798 societatem
2347 3733 2591 3796 Christi
2621 3740 2683 3795 et

554 3841 872 3903 Ecclesiae
907 3858 1033 3903 non
1068 3859 1213 3903 611111
1246 3842 1471 3921 capitis
1501 3850 1561 3903 et
1591 3842 1872 3922 corporis
1900 3841 2191 3922 (Ephes.‚
2228 3839 2533 3921 (tolosa),
2571 3840 2682 3927 sed

552 3965 698 4010 cum
729 3949 986 4010 animae
1018 3956 1079 4010 et
1106 3948 1387 4027 corporis
1435 3948 1891 4028 conJunctione
1934 3948 2246 4010 conferre.
2294 3947 2459 4009 Cum
2492 3947 2682 4010 homo

550 4055 751 4117 'simul
779 4056 997 4117 anima
1021 4073 1094 4117 ac
1116 4072 1343 4135 corpus
1367 4055 1479 4130 sit,
1510 4072 1736 4134 corpus
1759 4063 1883 4130 est3
1909 4072 2039 4117 non
2068 4073 2296 4134 corpus
2325 4063 2417 4116 est
2446 4054 2676 4127 solum,

552 4171 641 4224 est
673 4173 882 4223 tamen
916 4179 1164 4241 corpus.
1198 4161 1583 4240 Ceteroquin
1617 4161 1744 4222 dici
1779 4170 1981 4240 potest
2006 4161 2296 4222 animam
2328 4166 2435 4221 aut
2465 4160 2680 4222 homi-

553 4287 702 4330 nem
729 4269 946 4330 habere
967 4286 1222 4349 corpus.
1247 4269 1327 4330 V.
1357 4269 1549 4345 XIII,
1586 4269 1620 4331 3
1647 4268 1794 4330 illas
1817 4269 1974 4330 duas
2001 4269 2502 4330 asseverationes
2532 4285 2678 4331 con·

556 4376 751 4439 nectit
794 4396 808 4438 τ
853 4374 942 4435 ἐὰν
975 4379 1195 4462 παραδῶ
1238 4375 1300 4437 τὸ
1342 4377 1501 4457 σῶμά
1546 4399 1649 4455 μου
1685 4376 1770 4437 ἵνα
1812 4376 2162 4455 καυθήσομαι.
2217 4375 2462 4438 Paulus
2509 4373 2686 4438 habet
