3559 5609
1562 864 1612 925 1,
1648 862 1705 914 21
1713 863 1820 915 -24,
2689 859 2753 912 25

703 980 827 1044 Illa
857 980 1028 1043 inter
1056 985 1086 1042 ὁ
1118 979 1319 1061 κόσμος
1353 988 1417 1042 et
1455 980 1544 1041 τὸν
1575 978 1712 1041 Θεόν
1741 979 2059 1059 oppositio
2090 997 2254 1060 quae
2287 979 2649 1042 continetur
2680 980 2749 1040 in

623 1090 898 1171 prodosi,
932 1090 1000 1150 in
1039 1089 1296 1167 apodosi
1330 1106 1586 1169 quoque
1616 1090 1926 1161 occurrit,
1968 1086 2079 1148 sed
2122 1104 2384 1166 prorsus
2428 1087 2753 1149 contraria

628 1195 684 1278 (ὁ
713 1195 851 1265 Θεός
872 1229 954 1243 -
978 1173 1098 1262 τοὺὲ
1126 1194 1508 1272 πιστεύοντας).
1546 1195 2034 1270 Verumtamen,
2070 1213 2246 1258 nunc
2279 1194 2478 1274 κόσμος
2509 1193 2752 1256 Paulus

623 1304 994 1384 dicit‚‚quia
1022 1303 1322 1365 homines
1356 1321 1582 1365 omnes
1613 1312 1970 1381 peccatores
2001 1311 2152 1364 sunt
2185 1321 2257 1364 ac
2294 1302 2752 1381 redemptionis

622 1412 954 1490 indigent,
991 1428 1173 1472 nunc
1213 1409 1334 1478 τοὺς
1380 1409 1754 1491 πιστεύοντας,
1787 1411 1937 1490 quia
1969 1409 2067 1470 illi
2099 1409 2214 1471 soli
2254 1409 2415 1471 salvi
2452 1410 2609 1470 fient
2642 1410 2754 1489 qui

623 1520 889 1582 credent
922 1554 1001 1563 -—
1030 1535 1156 1598 quo
1188 1535 1319 1579 non
1365 1518 1749 1591 excluditur,
1802 1519 1909 1579 sed
1951 1519 2015 1578 in
2066 1536 2193 1597 quo
2230 1536 2358 1580 non
2393 1518 2753 1580 necessario

622 1626 991 1689 continetur
1019 1628 1313 1688 omnium
1342 1626 1691 1688 hominum
1711 1625 1907 1686 salus

704 1735 900 1797 Recte
928 1736 1139 1814 Meyer
1167 1743 1230 1794 et
1258 1733 1444 1814 Kliny
1475 1750 1707 1794 novam
1740 1751 1886 1794 cum
1922 1753 1979 1792 v,
2023 1734 2200 1807 ἐπειδή
2230 1734 2298 1794 in
2328 1754 2387 1795 v,
2425 1736 2498 1795 22
2539 1735 2751 1814 perio-

623 1843 777 1904 dum
810 1842 1128 1922 incipiunt
1162 1862 1176 1903 ε
1216 1841 1514 1921 apodosis
1543 1842 1611 1901 in
1651 1860 1710 1901 v.
1749 1841 1823 1903 23
1871 1842 2186 1920 reperitur
2222 1849 2413 1921 εὴμεῖς
2455 1841 2510 1903 δὲ
2551 1841 2748 1926 κηρύσ-
2811 1903 2818 1910 ,

623 1975 804 2031 σομεν.
847 1950 967 2012 Cui
1011 1949 1526 2029 interpretationi
1573 1947 1929 2026 asyndeton
1972 1949 2144 2009 inter
2189 1970 2244 2011 V.
2292 1952 2358 2011 21
2408 1959 2468 2011 et
2504 1951 2580 2011 22
2622 1966 2751 2011 non

621 2057 1096 2137 objectandum.
1133 2059 1218 2117 At
1260 2056 1372 2116 illa
1415 2056 1757 2124 verborum
1791 2056 2490 2136 compositio-quaesita
2522 2065 2616 2118 est
2647 2058 2752 2118 ni-

622 2166 865 2241 mium,
904 2184 978 2226 ex
1009 2181 1135 2244 qua
1167 2184 1226 2226 v,
1270 2164 1450 2225 21-24
1492 2182 1625 2224 una
1660 2172 1907 2223 tautum
1953 2164 2165 2225 forent
2197 2164 2525 2243 periodus,
2562 2166 2755 2227 verbo

622 2272 800 2344 ἐπειδή
831 2273 1194 2351 conJ‘uncta.
1231 2271 1557 2332 Adversus
1600 2273 1805 2350 Meyer
1836 2278 1896 2331 et
1931 2269 2148 2352 Klinp,
2189 2271 2376 2333 Godet
2409 2296 2438 2327 «
2491 2271 2551 2331 la
2600 2272 2755 2332 sim-

624 2378 726 2457 ple
754 2378 1012 2457 logique
1042 2403 1068 2433 ι)
1104 2379 1455 2440 obtestatur
1485 2397 1646 2457 quae
1676 2379 2291 2456 prosectoadversus
2322 2377 2512 2440 Godet
2539 2380 2751 2458 ipsum

623 2484 928 2565 loquitur.
970 2510 995 2541 α
1036 2484 1249 2546 L'idee
1287 2485 1371 2545 du
1406 2505 1465 2545 v.
1508 2485 1602 2559 22,
1646 2504 1769 2563 que
1805 2485 2003 2548 Grecs
2035 2495 2098 2547 et
2142 2487 2315 2548 Jtliss
2362 2487 2756 2547 demandent

623 2610 874 2670 sagesse
904 2602 965 2654 et
1000 2592 1329 2682 miracles.
1368 2611 1448 2653 ne
1481 2593 1724 2654 saurait
1756 2594 2026 2654 motiver
2056 2593 2215 2655 celle
2246 2594 2329 2655 du
2364 2614 2421 2654 v.
2461 2593 2534 2657 23
2571 2619 2583 2654 :
2630 2613 2754 2672 que

512 2766 518 2772 ,
619 2699 681 2761 la
701 2675 1097 2780 predication
1121 2698 1261 2761 leur
1296 2706 1584 2780 presente
1614 2719 1699 2762 un
1733 2700 1952 2763 Christ
1974 2701 2089 2781 qui
2119 2709 2211 2763 est
2240 2720 2398 2780 pour
2426 2720 2544 2763 eux
2574 2720 2754 2764 scan-

621 2807 763 2870 dale
793 2816 854 2869 et
883 2808 1054 2871 solie.
1089 2832 1116 2863 1>
1152 2808 1314 2869 Mira
1345 2808 1607 2889 quidem
1635 2811 1990 2871 annotatio.
2027 2810 2242 2884 Quare
2273 2809 2482 2887 logica
2511 2818 2754 2871 vetaret

623 2915 864 2977 Paulus
901 2916 1021 2978 hoc
1055 2917 1124 2976 in
1158 2935 1216 2977 v.
1254 2915 1436 2978 22-23
1473 2933 1664 2992 agere
1695 2916 1864 2995 quod
1903 2918 2040 2992 jam
2075 2916 2147 2975 in
2185 2936 2244 2977 v.
2286 2917 2460 2978 19-21
2507 2917 2754 2994 egerit?

622 3023 702 3084 V.
742 3023 815 3083 22
847 3023 1185 3101 respondet
1219 3043 1278 3087 v.
1328 3023 1430 3084 21⁸
1461 3032 1523 3084 et
1559 3024 1631 3085 23
1664 3023 2005 3103 respondet
2042 3022 2149 3084 211>
2174 3022 2284 3103 (1).
2332 3048 2359 3080 «
2405 3025 2491 3085 Le
2526 3025 2641 3090 but
2678 3024 2755 3085 de

628 3130 815 3203 Dieu,
852 3129 1012 3191 dans
1042 3147 1111 3191 ce
1138 3132 1326 3192 mode
1357 3130 1436 3191 de
1468 3131 1889 3210 predication,
1930 3154 1959 3186 »
1993 3132 2199 3210 pergit
2232 3131 2434 3204 Godet‚
2473 3154 2503 3187 «
2538 3129 2641 3191 n’a
2674 3149 2752 3209 pu

624 3236 758 3298 etre
794 3237 872 3297 de
915 3235 1188 3297 revolter
1240 3236 1332 3297 les
1391 3238 1742 3298 auditeurS.
1808 3262 1836 3293 >³
1891 3240 1976 3298 At
2020 3256 2092 3299 ea
2137 3239 2370 3317 quibus
2410 3239 2757 3300 offenditur

628 3343 833 3419 Godet,
868 3362 995 3406 non
1028 3345 1097 3404 in
1131 3364 1190 3403 ν.
1227 3344 1412 3407 22-23
1438 3363 1474 3404 a
1498 3346 1681 3406 nobis
1709 3345 2145 3423 interpretatis
2179 3346 2608 3423 reperiuntur,
2646 3346 2755 3407 sed

618 3452 688 3514 in
720 3472 780 3516 V.
819 3454 892 3513 20
927 3450 1238 3534 (ἐμώρανεν)
1270 3465 1330 3512 et
1360 3453 1426 3512 21
1463 3451 1744 3531 (ἐπειδὴ...
1785 3451 2089 3533 εὐδόκησεν)
2114 3471 2150 3514 a
2182 3453 2370 3514 Godet
2394 3454 2531 3533 ipso
2562 3454 2758 3514 inter-

620 3560 901 3639 pretatis.
941 3560 1128 3634 Quod
1164 3560 1217 3619 si
1258 3559 1327 3619 in
1367 3579 1424 3618 v.
1472 3559 1651 3620 20-21
1708 3578 1843 3622 non
1886 3561 2269 3635 offenditur,
2305 3578 2419 3621 cur
2467 3562 2751 3623 offende-

626 3675 801 3727 retur
828 3667 898 3726 in
929 3687 987 3727 v.
1020 3666 1262 3728 22-23?
1294 3667 1479 3740 Quod
1509 3668 1589 3728 ad
1613 3687 1674 3727 v.
1701 3669 1774 3728 24
1799 3669 2047 3742 attinet,
2076 3684 2204 3729 non
2229 3668 2415 3729 video
2440 3668 2758 3747 quomodo

619 3774 709 3835 ibi
750 3774 993 3834 Paulus
1044 3798 1070 3830 α
1119 3777 1331 3852 ajoute
1382 3781 1862 3854 expressement
1910 3777 1972 3837 la
2011 3780 2244 3855 pensee
2281 3780 2550 3856 opposee
2593 3800 2619 3830 n
2664 3794 2751 3837 sc.

604 3881 1105 3976 ‘oppositamilli
1138 3901 1331 3960 quam
1374 3883 1444 3943 in
1491 3903 1549 3943 v.
1591 3883 1784 3947 22-23
1822 3885 2249 3963 deprehendo.
2289 3884 2356 3946 Si
2404 3882 2640 3944 Paulus
2684 3865 2762 3943 in·

619 4006 676 4050 V.
713 3987 786 4048 24
817 3996 1042 4049 contra
1067 4007 1276 4050 meam
1306 4010 1361 4049 v.
1396 3991 1573 4054 22-23
1602 3991 2092 4073 explicationem
2120 3991 2300 4067 dicit,
2327 3992 2485 4053 dicit
2505 4009 2755 4071 quoque

619 4094 869 4157 ibidem‘
896 4103 1117 4156 contra
1148 4096 1640 4175 explicationem
1675 4118 1871 4176 quam
1907 4098 2095 4160 Godec
2125 4100 2200 4160 de
2231 4117 2289 4158 v.
2325 4098 2498 4159 20-21
2535 4115 2756 4177 propo-

681 4350 744 4414 (1)
786 4350 984 4398 Mirum
1017 4350 1195 4398 dictu!
1237 4354 1405 4399 Godet
1440 4352 1559 4414 ipse
1601 4353 1751 4401 istud
1782 4354 2073 4415 consignat
2112 4355 2181 4414 (p.
2226 4353 2320 4415 96).
2366 4353 2549 4411 Quare
2587 4354 2756 4415 igitur

619 4454 773 4488 suam
806 4440 1315 4502 interpretationem
1345 4454 1460 4490 non
1490 4442 1739 4505 sprevit?
