<?xml version="1.0" encoding="UTF-8"?>
<!DOCTYPE html PUBLIC "-//W3C//DTD XHTML 1.0 Transitional//EN"
    "http://www.w3.org/TR/xhtml1/DTD/xhtml1-transitional.dtd">
<html xmlns="http://www.w3.org/1999/xhtml" xml:lang="en" lang="en">
 <head>
  <title>
</title>
<meta http-equiv="Content-Type" content="text/html;charset=utf-8" />
  <meta name='ocr-system' content='tesseract 3.04.00' />
  <meta name='ocr-capabilities' content='ocr_page ocr_carea ocr_par ocr_line ocrx_word'/>
</head>
<body>
  <div class='ocr_page' id='page_1' title='image "./depriorepauliad00boisgoog_0140.png"; bbox 0 0 3559 5609; ppageno 0'>
   <div class='ocr_carea' id='block_1_1' title="bbox 14 5206 565 5609">
    <p class='ocr_par' dir='ltr' id='par_1_1' title="bbox 14 5206 565 5609">
     <span class='ocr_line' id='line_1_1' title="bbox 14 5206 565 5609; baseline 0 0"><span class='ocrx_word' id='word_1_1' title='bbox 14 5206 565 5609; x_wconf 95' lang='lat' dir='ltr'> </span> 
     </span>
    </p>
   </div>
   <div class='ocr_carea' id='block_1_2' title="bbox 2540 0 3559 2956">
    <p class='ocr_par' dir='ltr' id='par_1_2' title="bbox 2540 0 3559 2956">
     <span class='ocr_line' id='line_1_2' title="bbox 2540 0 3559 2956; baseline 0 0"><span class='ocrx_word' id='word_1_2' title='bbox 2540 0 3559 2956; x_wconf 95' lang='lat' dir='ltr'> </span> 
     </span>
    </p>
   </div>
   <div class='ocr_carea' id='block_1_3' title="bbox 785 793 1971 855">
    <p class='ocr_par' dir='ltr' id='par_1_3' title="bbox 785 793 1971 855">
     <span class='ocr_line' id='line_1_3' title="bbox 785 793 1971 855; baseline -0.005 -5"><span class='ocrx_word' id='word_1_3' title='bbox 785 798 876 850; x_wconf 65' lang='lat'>128</span> <span class='ocrx_word' id='word_1_4' title='bbox 1731 795 1859 855; x_wconf 83' lang='lat' dir='ltr'>xn,</span> <span class='ocrx_word' id='word_1_5' title='bbox 1897 793 1971 845; x_wconf 76' lang='lat'>31.</span> 
     </span>
    </p>
   </div>
   <div class='ocr_carea' id='block_1_4' title="bbox 771 908 2920 2601">
    <p class='ocr_par' dir='ltr' id='par_1_4' title="bbox 771 908 2920 1637">
     <span class='ocr_line' id='line_1_4' title="bbox 779 908 2895 994; baseline -0.002 -18"><span class='ocrx_word' id='word_1_6' title='bbox 779 914 1096 994; x_wconf 86' lang='lat' dir='ltr'>plurimos</span> <span class='ocrx_word' id='word_1_7' title='bbox 1148 911 1429 974; x_wconf 85' lang='lat' dir='ltr'>honores</span> <span class='ocrx_word' id='word_1_8' title='bbox 1476 910 1717 990; x_wconf 87' lang='lat' dir='ltr'>passim</span> <span class='ocrx_word' id='word_1_9' title='bbox 1762 924 2071 988; x_wconf 84' lang='lat' dir='ltr'>quaerere</span> <span class='ocrx_word' id='word_1_10' title='bbox 2119 908 2359 972; x_wconf 84' lang='lat' dir='ltr'>desinit</span> <span class='ocrx_word' id='word_1_11' title='bbox 2401 909 2784 991; x_wconf 72' lang='lat' dir='ltr'>(quantitas),</span> <span class='ocrx_word' id='word_1_12' title='bbox 2836 921 2895 973; x_wconf 89' lang='lat' dir='ltr'>ut</span> 
     </span>
     <span class='ocr_line' id='line_1_5' title="bbox 781 1014 2898 1099; baseline 0 -19"><span class='ocrx_word' id='word_1_13' title='bbox 781 1035 1013 1099; x_wconf 84' lang='lat' dir='ltr'>paucos</span> <span class='ocrx_word' id='word_1_14' title='bbox 1048 1024 1749 1088; x_wconf 68' lang='lat' dir='ltr'>tantumconsectetur,</span> <span class='ocrx_word' id='word_1_15' title='bbox 1786 1014 1897 1076; x_wconf 91' lang='lat' dir='ltr'>sed</span> <span class='ocrx_word' id='word_1_16' title='bbox 1925 1014 2312 1078; x_wconf 88' lang='lat' dir='ltr'>lectissimos</span> <span class='ocrx_word' id='word_1_17' title='bbox 2337 1024 2401 1077; x_wconf 91' lang='lat' dir='ltr'>et</span> <span class='ocrx_word' id='word_1_18' title='bbox 2423 1017 2691 1078; x_wconf 89' lang='lat' dir='ltr'>omnino</span> <span class='ocrx_word' id='word_1_19' title='bbox 2721 1016 2898 1080; x_wconf 88' lang='lat' dir='ltr'>laude</span> 
     </span>
     <span class='ocr_line' id='line_1_6' title="bbox 775 1122 2904 1205; baseline 0 -19"><span class='ocrx_word' id='word_1_20' title='bbox 775 1126 1006 1204; x_wconf 83' lang='lat' dir='ltr'>dignos</span> <span class='ocrx_word' id='word_1_21' title='bbox 1039 1122 1384 1205; x_wconf 78' lang='lat' dir='ltr'><strong><em>(qualitas).</em></strong></span> <span class='ocrx_word' id='word_1_22' title='bbox 1422 1148 1452 1181; x_wconf 93' lang='lat'>«</span> <span class='ocrx_word' id='word_1_23' title='bbox 1494 1124 1690 1200; x_wconf 79' lang='lat' dir='ltr'>Ergo,</span> <span class='ocrx_word' id='word_1_24' title='bbox 1724 1123 2065 1186; x_wconf 88' lang='lat' dir='ltr'>ostendam</span> <span class='ocrx_word' id='word_1_25' title='bbox 2096 1124 2277 1187; x_wconf 86' lang='lat' dir='ltr'>vobis</span> <span class='ocrx_word' id='word_1_26' title='bbox 2305 1123 2740 1205; x_wconf 80' lang='lat' dir='ltr'>(charismata)</span> <span class='ocrx_word' id='word_1_27' title='bbox 2774 1142 2904 1186; x_wconf 86' lang='lat' dir='ltr'>ma-</span> 
     </span>
     <span class='ocr_line' id='line_1_7' title="bbox 771 1228 2911 1313; baseline -0.001 -18"><span class='ocrx_word' id='word_1_28' title='bbox 771 1233 915 1313; x_wconf 84' lang='lat' dir='ltr'>jora</span> <span class='ocrx_word' id='word_1_29' title='bbox 944 1231 1061 1312; x_wconf 90' lang='lat' dir='ltr'>(sc.</span> <span class='ocrx_word' id='word_1_30' title='bbox 1107 1231 1451 1311; x_wconf 85' lang='lat' dir='ltr'>maxima),</span> <span class='ocrx_word' id='word_1_31' title='bbox 1489 1229 1622 1292; x_wconf 88' lang='lat' dir='ltr'>imo</span> <span class='ocrx_word' id='word_1_32' title='bbox 1657 1228 2055 1311; x_wconf 86' lang='lat' dir='ltr'>(ostendam)</span> <span class='ocrx_word' id='word_1_33' title='bbox 2098 1232 2266 1292; x_wconf 87' lang='lat' dir='ltr'>viam</span> <span class='ocrx_word' id='word_1_34' title='bbox 2311 1230 2911 1293; x_wconf 81' lang='lat' dir='ltr'>excellentissimam</span> 
     </span>
     <span class='ocr_line' id='line_1_8' title="bbox 775 1336 2914 1421; baseline -0.003 -17"><span class='ocrx_word' id='word_1_35' title='bbox 775 1340 889 1421; x_wconf 77' lang='lat' dir='ltr'>(SO-</span> <span class='ocrx_word' id='word_1_36' title='bbox 937 1337 1317 1420; x_wconf 80' lang='lat' dir='ltr'>caritatem).</span> <span class='ocrx_word' id='word_1_37' title='bbox 1355 1360 1386 1394; x_wconf 83' lang='lat'>›&gt;</span> <span class='ocrx_word' id='word_1_38' title='bbox 1439 1338 1610 1400; x_wconf 84' lang='lat' dir='ltr'>Nam</span> <span class='ocrx_word' id='word_1_39' title='bbox 1657 1339 1933 1401; x_wconf 82' lang='lat' dir='ltr'>emendo</span> <span class='ocrx_word' id='word_1_40' title='bbox 1968 1358 1981 1400; x_wconf 73' lang='grc' dir='ltr'>ἰ</span> <span class='ocrx_word' id='word_1_41' title='bbox 2017 1342 2235 1412; x_wconf 78' lang='grc' dir='ltr'>ζηλοῦτε</span> <span class='ocrx_word' id='word_1_42' title='bbox 2281 1337 2337 1400; x_wconf 85' lang='grc' dir='ltr'>δὲ</span> <span class='ocrx_word' id='word_1_43' title='bbox 2377 1338 2444 1399; x_wconf 82' lang='grc' dir='ltr'>τὰ</span> <span class='ocrx_word' id='word_1_44' title='bbox 2493 1337 2803 1421; x_wconf 81' lang='grc' dir='ltr'>χαρίσματα</span> <span class='ocrx_word' id='word_1_45' title='bbox 2849 1336 2914 1397; x_wconf 74' lang='grc' dir='ltr'>τὰ</span> 
     </span>
     <span class='ocr_line' id='line_1_9' title="bbox 775 1443 2920 1532; baseline -0.002 -25"><span class='ocrx_word' id='word_1_46' title='bbox 775 1447 1048 1532; x_wconf 72' lang='grc' dir='ltr'>κρείττονα</span> <span class='ocrx_word' id='word_1_47' title='bbox 1078 1474 1095 1523; x_wconf 91' lang='lat'>;</span> <span class='ocrx_word' id='word_1_48' title='bbox 1147 1446 1213 1506; x_wconf 82' lang='grc' dir='ltr'>τὰ</span> <span class='ocrx_word' id='word_1_49' title='bbox 1266 1444 1478 1525; x_wconf 84' lang='grc' dir='ltr'>μείζονα</span> <span class='ocrx_word' id='word_1_50' title='bbox 1500 1492 1517 1521; x_wconf 90' lang='grc'><em>,</em></span> <span class='ocrx_word' id='word_1_51' title='bbox 1566 1445 1658 1506; x_wconf 81' lang='grc' dir='ltr'>καὶ</span> <span class='ocrx_word' id='word_1_52' title='bbox 1708 1445 1785 1505; x_wconf 82' lang='grc' dir='ltr'>ἔτι</span> <span class='ocrx_word' id='word_1_53' title='bbox 1814 1454 1894 1515; x_wconf 95' lang='grc'>&lt;</span> <span class='ocrx_word' id='word_1_54' title='bbox 1920 1444 2014 1519; x_wconf 84' lang='grc' dir='ltr'>τὴν</span> <span class='ocrx_word' id='word_1_55' title='bbox 2041 1455 2120 1518; x_wconf 96' lang='grc'>&gt;</span> <span class='ocrx_word' id='word_1_56' title='bbox 2148 1446 2265 1507; x_wconf 82' lang='grc' dir='ltr'>καθ’</span> <span class='ocrx_word' id='word_1_57' title='bbox 2296 1444 2585 1528; x_wconf 75' lang='grc' dir='ltr'>ὓπερὸολὴν</span> <span class='ocrx_word' id='word_1_58' title='bbox 2627 1443 2767 1520; x_wconf 80' lang='grc' dir='ltr'>ὀδόν,</span> <span class='ocrx_word' id='word_1_59' title='bbox 2797 1449 2920 1525; x_wconf 72' lang='grc' dir='ltr'>ὑμῖν</span> 
     </span>
     <span class='ocr_line' id='line_1_10' title="bbox 776 1556 1034 1637; baseline -0.004 -20"><span class='ocrx_word' id='word_1_60' title='bbox 776 1556 1034 1637; x_wconf 75' lang='grc' dir='ltr'>δείκνυμι.</span> 
     </span>
    </p>

    <p class='ocr_par' dir='ltr' id='par_1_5' title="bbox 775 1658 2919 2601">
     <span class='ocr_line' id='line_1_11' title="bbox 858 1658 2918 1750; baseline -0.001 -25"><span class='ocrx_word' id='word_1_61' title='bbox 858 1665 910 1725; x_wconf 91' lang='grc' dir='ltr'><strong>Ε</strong></span> <span class='ocrx_word' id='word_1_62' title='bbox 934 1662 1071 1725; x_wconf 90' lang='lat' dir='ltr'>cod.</span> <span class='ocrx_word' id='word_1_63' title='bbox 1105 1661 1387 1742; x_wconf 76' lang='lat' dir='ltr'>optimiS‚</span> <span class='ocrx_word' id='word_1_64' title='bbox 1414 1669 1567 1750; x_wconf 86' lang='lat' dir='ltr'>sunt</span> <span class='ocrx_word' id='word_1_65' title='bbox 1596 1661 1709 1740; x_wconf 89' lang='lat' dir='ltr'>qui</span> <span class='ocrx_word' id='word_1_66' title='bbox 1739 1661 2024 1723; x_wconf 86' lang='lat' dir='ltr'>scribant</span> <span class='ocrx_word' id='word_1_67' title='bbox 2050 1660 2118 1721; x_wconf 85' lang='grc' dir='ltr'>τὰ</span> <span class='ocrx_word' id='word_1_68' title='bbox 2148 1685 2275 1743; x_wconf 85' lang='grc' dir='ltr'>χαρ.</span> <span class='ocrx_word' id='word_1_69' title='bbox 2308 1660 2375 1722; x_wconf 85' lang='grc' dir='ltr'>τὰ</span> <span class='ocrx_word' id='word_1_70' title='bbox 2405 1660 2615 1741; x_wconf 85' lang='grc' dir='ltr'>μείζονα</span> <span class='ocrx_word' id='word_1_71' title='bbox 2632 1658 2781 1741; x_wconf 55' lang='grc' dir='ltr'>(ᾺΑ</span> <span class='ocrx_word' id='word_1_72' title='bbox 2801 1659 2918 1722; x_wconf 92' lang='lat' dir='ltr'>BC</span> 
     </span>
     <span class='ocr_line' id='line_1_12' title="bbox 775 1767 2918 1854; baseline -0 -23"><span class='ocrx_word' id='word_1_73' title='bbox 775 1802 857 1819; x_wconf 89' lang='lat'>—</span> <span class='ocrx_word' id='word_1_74' title='bbox 888 1767 1251 1848; x_wconf 76' lang='lat' dir='ltr'>Gebhardt)‚</span> <span class='ocrx_word' id='word_1_75' title='bbox 1294 1769 1362 1829; x_wconf 83' lang='lat' dir='ltr'>in</span> <span class='ocrx_word' id='word_1_76' title='bbox 1413 1768 1561 1830; x_wconf 84' lang='lat' dir='ltr'>aliis</span> <span class='ocrx_word' id='word_1_77' title='bbox 1610 1777 1834 1830; x_wconf 78' lang='lat' dir='ltr'>contra</span> <span class='ocrx_word' id='word_1_78' title='bbox 1881 1769 2214 1831; x_wconf 79' lang='lat' dir='ltr'>invenitur</span> <span class='ocrx_word' id='word_1_79' title='bbox 2261 1768 2329 1829; x_wconf 84' lang='grc' dir='ltr'>τὰ</span> <span class='ocrx_word' id='word_1_80' title='bbox 2368 1794 2495 1851; x_wconf 89' lang='grc' dir='ltr'>χαρ.</span> <span class='ocrx_word' id='word_1_81' title='bbox 2547 1769 2614 1830; x_wconf 74' lang='grc' dir='ltr'>τὰ</span> <span class='ocrx_word' id='word_1_82' title='bbox 2652 1769 2918 1854; x_wconf 81' lang='grc' dir='ltr'>κρείττονα</span> 
     </span>
     <span class='ocr_line' id='line_1_13' title="bbox 781 1874 2914 1955; baseline -0 -18"><span class='ocrx_word' id='word_1_83' title='bbox 781 1877 861 1955; x_wconf 92' lang='lat' dir='ltr'>(D</span> <span class='ocrx_word' id='word_1_84' title='bbox 887 1878 937 1937; x_wconf 84' lang='lat' dir='ltr'><strong>E</strong></span> <span class='ocrx_word' id='word_1_85' title='bbox 962 1876 1009 1936; x_wconf 86' lang='lat' dir='ltr'>F</span> <span class='ocrx_word' id='word_1_86' title='bbox 1029 1875 1084 1937; x_wconf 88' lang='lat' dir='ltr'>G</span> <span class='ocrx_word' id='word_1_87' title='bbox 1111 1876 1173 1937; x_wconf 93' lang='lat' dir='ltr'><strong>K</strong></span> <span class='ocrx_word' id='word_1_88' title='bbox 1198 1877 1246 1936; x_wconf 84' lang='lat' dir='ltr'>L</span> <span class='ocrx_word' id='word_1_89' title='bbox 1273 1907 1357 1922; x_wconf 92' lang='lat'>—</span> <span class='ocrx_word' id='word_1_90' title='bbox 1386 1874 1621 1955; x_wconf 81' lang='lat' dir='ltr'>Godet).</span> <span class='ocrx_word' id='word_1_91' title='bbox 1671 1876 1827 1938; x_wconf 86' lang='lat' dir='ltr'>Veri</span> <span class='ocrx_word' id='word_1_92' title='bbox 1881 1884 1978 1937; x_wconf 90' lang='lat' dir='ltr'>est</span> <span class='ocrx_word' id='word_1_93' title='bbox 2025 1876 2226 1954; x_wconf 85' lang='lat' dir='ltr'>igitur</span> <span class='ocrx_word' id='word_1_94' title='bbox 2275 1876 2493 1939; x_wconf 89' lang='lat' dir='ltr'>simile</span> <span class='ocrx_word' id='word_1_95' title='bbox 2543 1885 2602 1939; x_wconf 88' lang='lat' dir='ltr'>te</span> <span class='ocrx_word' id='word_1_96' title='bbox 2648 1894 2914 1938; x_wconf 88' lang='lat' dir='ltr'>manum</span> 
     </span>
     <span class='ocr_line' id='line_1_14' title="bbox 782 1981 2919 2068; baseline -0 -23"><span class='ocrx_word' id='word_1_97' title='bbox 782 1983 966 2045; x_wconf 85' lang='lat' dir='ltr'>Pauli</span> <span class='ocrx_word' id='word_1_98' title='bbox 996 1999 1322 2060; x_wconf 81' lang='lat' dir='ltr'>revocare,</span> <span class='ocrx_word' id='word_1_99' title='bbox 1351 1982 1409 2043; x_wconf 86' lang='lat' dir='ltr'>Si</span> <span class='ocrx_word' id='word_1_100' title='bbox 1435 1983 1769 2062; x_wconf 82' lang='lat' dir='ltr'>scripseris</span> <span class='ocrx_word' id='word_1_101' title='bbox 1800 2007 1812 2043; x_wconf 90' lang='lat'>:</span> <span class='ocrx_word' id='word_1_102' title='bbox 1843 1981 1910 2042; x_wconf 81' lang='grc' dir='ltr'>τὰ</span> <span class='ocrx_word' id='word_1_103' title='bbox 1935 2007 2062 2066; x_wconf 86' lang='grc' dir='ltr'>χαρ.</span> <span class='ocrx_word' id='word_1_104' title='bbox 2092 1981 2160 2042; x_wconf 83' lang='grc' dir='ltr'>τὰ</span> <span class='ocrx_word' id='word_1_105' title='bbox 2190 1982 2405 2062; x_wconf 81' lang='grc' dir='ltr'>μείζονα</span> <span class='ocrx_word' id='word_1_106' title='bbox 2431 1982 2499 2043; x_wconf 85' lang='grc' dir='ltr'>τὰ</span> <span class='ocrx_word' id='word_1_107' title='bbox 2528 1983 2796 2068; x_wconf 80' lang='grc' dir='ltr'>κρείττονα</span> <span class='ocrx_word' id='word_1_108' title='bbox 2819 1983 2919 2044; x_wconf 81' lang='lat' dir='ltr'>vel</span> 
     </span>
     <span class='ocr_line' id='line_1_15' title="bbox 776 2087 2919 2172; baseline 0 -23"><span class='ocrx_word' id='word_1_109' title='bbox 776 2089 843 2149; x_wconf 80' lang='grc' dir='ltr'>τὰ</span> <span class='ocrx_word' id='word_1_110' title='bbox 881 2089 1152 2172; x_wconf 79' lang='grc' dir='ltr'>κρείττονα</span> <span class='ocrx_word' id='word_1_111' title='bbox 1184 2087 1252 2149; x_wconf 78' lang='grc' dir='ltr'>τὰ</span> <span class='ocrx_word' id='word_1_112' title='bbox 1283 2089 1517 2168; x_wconf 82' lang='grc' dir='ltr'>μείζονα.</span> <span class='ocrx_word' id='word_1_113' title='bbox 1553 2089 1737 2163; x_wconf 87' lang='lat' dir='ltr'>Quod</span> <span class='ocrx_word' id='word_1_114' title='bbox 1781 2088 2036 2151; x_wconf 81' lang='lat' dir='ltr'>facilius</span> <span class='ocrx_word' id='word_1_115' title='bbox 2074 2096 2169 2151; x_wconf 89' lang='lat' dir='ltr'>est</span> <span class='ocrx_word' id='word_1_116' title='bbox 2206 2107 2401 2169; x_wconf 86' lang='lat' dir='ltr'>quam</span> <span class='ocrx_word' id='word_1_117' title='bbox 2438 2092 2706 2153; x_wconf 87' lang='lat' dir='ltr'>verbum</span> <span class='ocrx_word' id='word_1_118' title='bbox 2752 2089 2919 2172; x_wconf 85' lang='grc' dir='ltr'>κρείτ-</span> 
     </span>
     <span class='ocr_line' id='line_1_16' title="bbox 777 2183 2914 2277; baseline -0 -19"><span class='ocrx_word' id='word_1_119' title='bbox 777 2221 902 2258; x_wconf 82' lang='grc' dir='ltr'>τονα</span> <span class='ocrx_word' id='word_1_120' title='bbox 934 2197 1173 2258; x_wconf 89' lang='lat' dir='ltr'>hahere</span> <span class='ocrx_word' id='word_1_121' title='bbox 1201 2214 1313 2276; x_wconf 88' lang='lat' dir='ltr'>pro</span> <span class='ocrx_word' id='word_1_122' title='bbox 1336 2197 1913 2277; x_wconf 79' lang='lat' dir='ltr'>interpretamento</span> <span class='ocrx_word' id='word_1_123' title='bbox 1936 2198 2108 2259; x_wconf 83' lang='lat' dir='ltr'>vocis</span> <span class='ocrx_word' id='word_1_124' title='bbox 2131 2197 2341 2276; x_wconf 84' lang='grc' dir='ltr'>μείζονα</span> <span class='ocrx_word' id='word_1_125' title='bbox 2366 2196 2507 2277; x_wconf 93' lang='lat' dir='ltr'>(aut</span> <span class='ocrx_word' id='word_1_126' title='bbox 2525 2183 2663 2259; x_wconf 55' lang='lat' dir='ltr'>‘vice</span> <span class='ocrx_word' id='word_1_127' title='bbox 2686 2197 2914 2277; x_wconf 87' lang='lat' dir='ltr'>versa),</span> 
     </span>
     <span class='ocr_line' id='line_1_17' title="bbox 782 2303 2912 2368; baseline -0.001 -1"><span class='ocrx_word' id='word_1_128' title='bbox 782 2305 883 2368; x_wconf 87' lang='lat' dir='ltr'>vel</span> <span class='ocrx_word' id='word_1_129' title='bbox 909 2306 1278 2366; x_wconf 84' lang='lat' dir='ltr'>existimare</span> <span class='ocrx_word' id='word_1_130' title='bbox 1310 2322 1511 2366; x_wconf 88' lang='lat' dir='ltr'>unam</span> <span class='ocrx_word' id='word_1_131' title='bbox 1542 2303 1810 2365; x_wconf 82' lang='lat' dir='ltr'>illarum</span> <span class='ocrx_word' id='word_1_132' title='bbox 1842 2320 2073 2366; x_wconf 88' lang='lat' dir='ltr'>vocum</span> <span class='ocrx_word' id='word_1_133' title='bbox 2113 2303 2304 2365; x_wconf 89' lang='lat' dir='ltr'>alteri</span> <span class='ocrx_word' id='word_1_134' title='bbox 2333 2305 2663 2366; x_wconf 87' lang='lat' dir='ltr'>suffectam</span> <span class='ocrx_word' id='word_1_135' title='bbox 2695 2304 2912 2366; x_wconf 84' lang='lat' dir='ltr'>fuisse.</span> 
     </span>
     <span class='ocr_line' id='line_1_18' title="bbox 779 2397 2915 2493; baseline -0.002 -18"><span class='ocrx_word' id='word_1_136' title='bbox 779 2445 858 2458; x_wconf 90' lang='lat'><em>-</em></span> <span class='ocrx_word' id='word_1_137' title='bbox 879 2410 1028 2475; x_wconf 89' lang='lat' dir='ltr'>Non</span> <span class='ocrx_word' id='word_1_138' title='bbox 1053 2419 1149 2473; x_wconf 88' lang='lat' dir='ltr'>est</span> <span class='ocrx_word' id='word_1_139' title='bbox 1181 2429 1297 2473; x_wconf 89' lang='lat' dir='ltr'>cur</span> <span class='ocrx_word' id='word_1_140' title='bbox 1330 2412 1591 2487; x_wconf 79' lang='lat' dir='ltr'>mireris</span> <span class='ocrx_word' id='word_1_141' title='bbox 1621 2411 1717 2485; x_wconf 74' lang='grc' dir='ltr'>τήν</span> <span class='ocrx_word' id='word_1_142' title='bbox 1746 2414 1918 2474; x_wconf 89' lang='lat' dir='ltr'>inter</span> <span class='ocrx_word' id='word_1_143' title='bbox 1952 2411 2028 2471; x_wconf 81' lang='grc' dir='ltr'>ἔτι</span> <span class='ocrx_word' id='word_1_144' title='bbox 2057 2418 2125 2474; x_wconf 87' lang='lat' dir='ltr'>et</span> <span class='ocrx_word' id='word_1_145' title='bbox 2151 2411 2270 2472; x_wconf 80' lang='grc' dir='ltr'>καθ’</span> <span class='ocrx_word' id='word_1_146' title='bbox 2297 2397 2636 2475; x_wconf 83' lang='lat' dir='ltr'>evanuisse</span> <span class='ocrx_word' id='word_1_147' title='bbox 2663 2411 2726 2493; x_wconf 92' lang='grc' dir='ltr'>(η</span> <span class='ocrx_word' id='word_1_148' title='bbox 2753 2438 2834 2464; x_wconf 87' lang='lat'>=</span> <span class='ocrx_word' id='word_1_149' title='bbox 2865 2437 2915 2488; x_wconf 85' lang='grc' dir='ltr'>ι,</span> 
     </span>
     <span class='ocr_line' id='line_1_19' title="bbox 777 2517 1697 2601; baseline 0.002 -23"><span class='ocrx_word' id='word_1_150' title='bbox 777 2543 805 2578; x_wconf 87' lang='grc' dir='ltr'>ν</span> <span class='ocrx_word' id='word_1_151' title='bbox 832 2542 915 2575; x_wconf 91' lang='grc'>..-..</span> <span class='ocrx_word' id='word_1_152' title='bbox 940 2543 975 2578; x_wconf 71' lang='lat' dir='ltr'>x</span> <span class='ocrx_word' id='word_1_153' title='bbox 998 2552 1076 2563; x_wconf 94' lang='lat'><strong>—</strong></span> <span class='ocrx_word' id='word_1_154' title='bbox 1105 2519 1288 2592; x_wconf 76' lang='lat' dir='ltr'>Bast,</span> <span class='ocrx_word' id='word_1_155' title='bbox 1338 2517 1697 2601; x_wconf 74' lang='lat' dir='ltr'><strong><em>Vollqraff).</em></strong></span> 
     </span>
    </p>
   </div>
   <div class='ocr_carea' id='block_1_5' title="bbox 1703 2694 2081 2810">
    <p class='ocr_par' dir='ltr' id='par_1_6' title="bbox 1703 2694 2081 2810">
     <span class='ocr_line' id='line_1_20' title="bbox 1703 2694 2081 2810; baseline 0.003 -16"><span class='ocrx_word' id='word_1_156' title='bbox 1703 2732 1894 2810; x_wconf 83' lang='lat' dir='ltr'>xm,</span> <span class='ocrx_word' id='word_1_157' title='bbox 1933 2733 1993 2796; x_wconf 87' lang='lat'>6.</span> <span class='ocrx_word' id='word_1_158' title='bbox 2078 2694 2081 2697; x_wconf 62' lang='grc'><strong>’</strong></span> 
     </span>
    </p>
   </div>
   <div class='ocr_carea' id='block_1_6' title="bbox 784 2937 2927 4425">
    <p class='ocr_par' dir='ltr' id='par_1_7' title="bbox 784 2937 2927 4425">
     <span class='ocr_line' id='line_1_21' title="bbox 865 2937 2917 3029; baseline -0.001 -17"><span class='ocrx_word' id='word_1_159' title='bbox 865 2948 937 3013; x_wconf 88' lang='lat' dir='ltr'>Si</span> <span class='ocrx_word' id='word_1_160' title='bbox 969 2937 1140 3028; x_wconf 71' lang='lat' dir='ltr'>quae</span> <span class='ocrx_word' id='word_1_161' title='bbox 1170 2948 1242 3010; x_wconf 91' lang='lat' dir='ltr'>in</span> <span class='ocrx_word' id='word_1_162' title='bbox 1273 2947 1345 3010; x_wconf 90' lang='grc' dir='ltr'>Τ.</span> <span class='ocrx_word' id='word_1_163' title='bbox 1381 2949 1458 3011; x_wconf 87' lang='lat' dir='ltr'>R.</span> <span class='ocrx_word' id='word_1_164' title='bbox 1489 2946 1798 3027; x_wconf 85' lang='lat' dir='ltr'>leguntur</span> <span class='ocrx_word' id='word_1_165' title='bbox 1829 2949 1996 3011; x_wconf 85' lang='lat' dir='ltr'>tueri</span> <span class='ocrx_word' id='word_1_166' title='bbox 2030 2949 2227 3026; x_wconf 77' lang='lat' dir='ltr'>voleS,</span> <span class='ocrx_word' id='word_1_167' title='bbox 2257 2966 2385 3012; x_wconf 90' lang='lat' dir='ltr'>non</span> <span class='ocrx_word' id='word_1_168' title='bbox 2415 2958 2731 3029; x_wconf 89' lang='lat' dir='ltr'>punctum</span> <span class='ocrx_word' id='word_1_169' title='bbox 2763 2957 2917 3011; x_wconf 91' lang='lat' dir='ltr'>tem-</span> 
     </span>
     <span class='ocr_line' id='line_1_22' title="bbox 784 3054 2916 3137; baseline -0.003 -18"><span class='ocrx_word' id='word_1_170' title='bbox 784 3058 957 3137; x_wconf 85' lang='lat' dir='ltr'>poris</span> <span class='ocrx_word' id='word_1_171' title='bbox 986 3057 1311 3119; x_wconf 76' lang='lat' dir='ltr'>dubitabis</span> <span class='ocrx_word' id='word_1_172' title='bbox 1338 3073 1489 3118; x_wconf 88' lang='lat' dir='ltr'>cum</span> <span class='ocrx_word' id='word_1_173' title='bbox 1521 3054 1713 3118; x_wconf 80' lang='lat' dir='ltr'>Godet</span> <span class='ocrx_word' id='word_1_174' title='bbox 1738 3065 1984 3119; x_wconf 83' lang='lat' dir='ltr'>vertere</span> <span class='ocrx_word' id='word_1_175' title='bbox 2017 3076 2031 3118; x_wconf 74' lang='grc' dir='ltr'><strong>ε</strong></span> <span class='ocrx_word' id='word_1_176' title='bbox 2063 3081 2093 3113; x_wconf 90' lang='lat'>«</span> <span class='ocrx_word' id='word_1_177' title='bbox 2122 3057 2377 3119; x_wconf 82' lang='lat' dir='ltr'>Gaudet</span> <span class='ocrx_word' id='word_1_178' title='bbox 2401 3076 2551 3119; x_wconf 88' lang='lat' dir='ltr'>cum</span> <span class='ocrx_word' id='word_1_179' title='bbox 2577 3058 2862 3119; x_wconf 87' lang='lat' dir='ltr'>veritate.</span> <span class='ocrx_word' id='word_1_180' title='bbox 2890 3078 2916 3112; x_wconf 80' lang='grc'>»</span> 
     </span>
     <span class='ocr_line' id='line_1_23' title="bbox 786 3161 2927 3249; baseline -0.001 -22"><span class='ocrx_word' id='word_1_181' title='bbox 786 3167 1090 3241; x_wconf 78' lang='lat' dir='ltr'>Attamen</span> <span class='ocrx_word' id='word_1_182' title='bbox 1120 3161 1639 3224; x_wconf 86' lang='lat' dir='ltr'>animadvertere</span> <span class='ocrx_word' id='word_1_183' title='bbox 1668 3163 1917 3241; x_wconf 84' lang='lat' dir='ltr'>cogeris</span> <span class='ocrx_word' id='word_1_184' title='bbox 1952 3181 2136 3226; x_wconf 90' lang='lat' dir='ltr'>voces</span> <span class='ocrx_word' id='word_1_185' title='bbox 2165 3163 2226 3223; x_wconf 82' lang='grc' dir='ltr'>οὐ</span> <span class='ocrx_word' id='word_1_186' title='bbox 2254 3163 2426 3247; x_wconf 83' lang='grc' dir='ltr'>χαίρει</span> <span class='ocrx_word' id='word_1_187' title='bbox 2457 3165 2542 3224; x_wconf 80' lang='grc' dir='ltr'>ἐπὶ</span> <span class='ocrx_word' id='word_1_188' title='bbox 2561 3170 2627 3246; x_wconf 83' lang='grc' dir='ltr'>τῇ</span> <span class='ocrx_word' id='word_1_189' title='bbox 2658 3163 2832 3249; x_wconf 79' lang='grc' dir='ltr'>ἀδικίᾳ</span> <span class='ocrx_word' id='word_1_190' title='bbox 2863 3172 2927 3226; x_wconf 89' lang='lat' dir='ltr'>et</span> 
     </span>
     <span class='ocr_line' id='line_1_24' title="bbox 786 3266 2926 3354; baseline 0.001 -25"><span class='ocrx_word' id='word_1_191' title='bbox 786 3270 1048 3354; x_wconf 78' lang='grc' dir='ltr'>συνχαίρει</span> <span class='ocrx_word' id='word_1_192' title='bbox 1089 3267 1147 3330; x_wconf 78' lang='grc' dir='ltr'>δὲ</span> <span class='ocrx_word' id='word_1_193' title='bbox 1175 3275 1241 3350; x_wconf 76' lang='grc' dir='ltr'>τῇ</span> <span class='ocrx_word' id='word_1_194' title='bbox 1277 3266 1492 3352; x_wconf 78' lang='grc' dir='ltr'>ἀληθείᾳ</span> <span class='ocrx_word' id='word_1_195' title='bbox 1523 3269 1869 3330; x_wconf 84' lang='lat' dir='ltr'>manifesta</span> <span class='ocrx_word' id='word_1_196' title='bbox 1898 3270 2282 3349; x_wconf 82' lang='lat' dir='ltr'>symmetria</span> <span class='ocrx_word' id='word_1_197' title='bbox 2310 3273 2378 3332; x_wconf 89' lang='lat' dir='ltr'>in</span> <span class='ocrx_word' id='word_1_198' title='bbox 2391 3280 2484 3332; x_wconf 89' lang='lat' dir='ltr'>ter</span> <span class='ocrx_word' id='word_1_199' title='bbox 2509 3290 2576 3333; x_wconf 91' lang='lat' dir='ltr'>se</span> <span class='ocrx_word' id='word_1_200' title='bbox 2607 3271 2926 3351; x_wconf 86' lang='lat' dir='ltr'>oppositas</span> 
     </span>
     <span class='ocr_line' id='line_1_25' title="bbox 787 3370 2925 3462; baseline -0.001 -23"><span class='ocrx_word' id='word_1_201' title='bbox 787 3395 947 3439; x_wconf 85' lang='lat' dir='ltr'>esse.</span> <span class='ocrx_word' id='word_1_202' title='bbox 981 3377 1086 3453; x_wconf 93' lang='lat' dir='ltr'>Si,</span> <span class='ocrx_word' id='word_1_203' title='bbox 1125 3384 1195 3438; x_wconf 88' lang='lat' dir='ltr'>ut</span> <span class='ocrx_word' id='word_1_204' title='bbox 1228 3375 1549 3436; x_wconf 86' lang='lat' dir='ltr'>intellexit</span> <span class='ocrx_word' id='word_1_205' title='bbox 1580 3370 2152 3457; x_wconf 77' lang='lat' dir='ltr'>Godet,&#39;oppositio</span> <span class='ocrx_word' id='word_1_206' title='bbox 2199 3377 2515 3456; x_wconf 85' lang='lat' dir='ltr'>quaedam</span> <span class='ocrx_word' id='word_1_207' title='bbox 2550 3378 2722 3440; x_wconf 86' lang='lat' dir='ltr'>inter</span> <span class='ocrx_word' id='word_1_208' title='bbox 2750 3375 2925 3462; x_wconf 82' lang='grc' dir='ltr'>ἀδικίᾳ</span> 
     </span>
     <span class='ocr_line' id='line_1_26' title="bbox 786 3481 2922 3567; baseline -0.001 -20"><span class='ocrx_word' id='word_1_209' title='bbox 786 3490 1033 3547; x_wconf 90' lang='lat' dir='ltr'>constat</span> <span class='ocrx_word' id='word_1_210' title='bbox 1082 3495 1144 3546; x_wconf 85' lang='lat' dir='ltr'>et</span> <span class='ocrx_word' id='word_1_211' title='bbox 1193 3481 1446 3567; x_wconf 85' lang='grc' dir='ltr'>ἀληθείᾳ,</span> <span class='ocrx_word' id='word_1_212' title='bbox 1493 3500 1620 3562; x_wconf 86' lang='lat' dir='ltr'>quo</span> <span class='ocrx_word' id='word_1_213' title='bbox 1658 3489 1839 3564; x_wconf 90' lang='lat' dir='ltr'>pacto</span> <span class='ocrx_word' id='word_1_214' title='bbox 1887 3485 2145 3564; x_wconf 83' lang='lat' dir='ltr'>scripsit</span> <span class='ocrx_word' id='word_1_215' title='bbox 2189 3485 2432 3547; x_wconf 91' lang='lat' dir='ltr'>Paulus</span> <span class='ocrx_word' id='word_1_216' title='bbox 2468 3504 2482 3547; x_wconf 74' lang='grc' dir='ltr'><strong>ε</strong></span> <span class='ocrx_word' id='word_1_217' title='bbox 2529 3484 2761 3547; x_wconf 82' lang='lat' dir='ltr'>caritas</span> <span class='ocrx_word' id='word_1_218' title='bbox 2793 3501 2922 3547; x_wconf 90' lang='lat' dir='ltr'>non</span> 
     </span>
     <span class='ocr_line' id='line_1_27' title="bbox 786 3589 2922 3672; baseline -0 -19"><span class='ocrx_word' id='word_1_219' title='bbox 786 3592 1021 3670; x_wconf 85' lang='lat' dir='ltr'>gaudet</span> <span class='ocrx_word' id='word_1_220' title='bbox 1063 3607 1253 3672; x_wconf 79' lang='lat' dir='ltr'>super</span> <span class='ocrx_word' id='word_1_221' title='bbox 1283 3589 1541 3672; x_wconf 88' lang='lat' dir='ltr'>(Vulg.)</span> <span class='ocrx_word' id='word_1_222' title='bbox 1588 3590 1973 3670; x_wconf 82' lang='lat' dir='ltr'>iniquitate,</span> <span class='ocrx_word' id='word_1_223' title='bbox 2018 3592 2254 3670; x_wconf 85' lang='lat' dir='ltr'>gaudet</span> <span class='ocrx_word' id='word_1_224' title='bbox 2294 3601 2692 3655; x_wconf 68' lang='lat' dir='ltr'>autemeam</span> <span class='ocrx_word' id='word_1_225' title='bbox 2737 3591 2922 3654; x_wconf 90' lang='lat' dir='ltr'>Veri-</span> 
     </span>
     <span class='ocr_line' id='line_1_28' title="bbox 790 3697 2926 3780; baseline -0 -21"><span class='ocrx_word' id='word_1_226' title='bbox 790 3706 913 3762; x_wconf 83' lang='lat' dir='ltr'>tate</span> <span class='ocrx_word' id='word_1_227' title='bbox 940 3700 967 3760; x_wconf 86' lang='lat'><strong>?</strong></span> <span class='ocrx_word' id='word_1_228' title='bbox 1000 3697 1170 3774; x_wconf 86' lang='lat' dir='ltr'>Quid</span> <span class='ocrx_word' id='word_1_229' title='bbox 1201 3705 1298 3759; x_wconf 89' lang='lat' dir='ltr'>est</span> <span class='ocrx_word' id='word_1_230' title='bbox 1331 3715 1449 3759; x_wconf 86' lang='lat' dir='ltr'>cur</span> <span class='ocrx_word' id='word_1_231' title='bbox 1475 3697 1545 3758; x_wconf 89' lang='lat' dir='ltr'>in</span> <span class='ocrx_word' id='word_1_232' title='bbox 1576 3698 1827 3761; x_wconf 86' lang='lat' dir='ltr'>duobus</span> <span class='ocrx_word' id='word_1_233' title='bbox 1870 3699 2178 3761; x_wconf 86' lang='lat' dir='ltr'>memhris</span> <span class='ocrx_word' id='word_1_234' title='bbox 2219 3708 2348 3762; x_wconf 83' lang='lat' dir='ltr'>non</span> <span class='ocrx_word' id='word_1_235' title='bbox 2391 3717 2643 3780; x_wconf 88' lang='lat' dir='ltr'>semper</span> <span class='ocrx_word' id='word_1_236' title='bbox 2679 3698 2926 3761; x_wconf 78' lang='lat' dir='ltr'>dederit</span> 
     </span>
     <span class='ocr_line' id='line_1_29' title="bbox 786 3805 2923 3886; baseline 0 -20"><span class='ocrx_word' id='word_1_237' title='bbox 786 3821 974 3886; x_wconf 79' lang='lat' dir='ltr'>super</span> <span class='ocrx_word' id='word_1_238' title='bbox 1001 3813 1112 3867; x_wconf 89' lang='lat' dir='ltr'>aut</span> <span class='ocrx_word' id='word_1_239' title='bbox 1144 3823 1397 3886; x_wconf 87' lang='lat' dir='ltr'>semper</span> <span class='ocrx_word' id='word_1_240' title='bbox 1424 3823 1563 3867; x_wconf 83' lang='lat' dir='ltr'>cum</span> <span class='ocrx_word' id='word_1_241' title='bbox 1587 3807 1619 3866; x_wconf 75' lang='lat' dir='ltr'><em>P</em></span> <span class='ocrx_word' id='word_1_242' title='bbox 1654 3806 1956 3885; x_wconf 89' lang='lat' dir='ltr'>Denique</span> <span class='ocrx_word' id='word_1_243' title='bbox 1990 3806 2150 3868; x_wconf 88' lang='lat' dir='ltr'>haec</span> <span class='ocrx_word' id='word_1_244' title='bbox 2184 3807 2505 3869; x_wconf 88' lang='lat' dir='ltr'>sententia</span> <span class='ocrx_word' id='word_1_245' title='bbox 2548 3809 2715 3868; x_wconf 88' lang='lat' dir='ltr'>mira</span> <span class='ocrx_word' id='word_1_246' title='bbox 2745 3805 2923 3868; x_wconf 89' lang='lat' dir='ltr'>vide-</span> 
     </span>
     <span class='ocr_line' id='line_1_30' title="bbox 788 3912 2918 3991; baseline 0 -18"><span class='ocrx_word' id='word_1_247' title='bbox 788 3919 891 3974; x_wconf 86' lang='lat' dir='ltr'>tur</span> <span class='ocrx_word' id='word_1_248' title='bbox 921 3932 936 3976; x_wconf 71' lang='grc' dir='ltr'><strong><em>ε</em></strong></span> <span class='ocrx_word' id='word_1_249' title='bbox 972 3912 1209 3991; x_wconf 86' lang='lat' dir='ltr'>gaudet</span> <span class='ocrx_word' id='word_1_250' title='bbox 1238 3929 1386 3974; x_wconf 90' lang='lat' dir='ltr'>cum</span> <span class='ocrx_word' id='word_1_251' title='bbox 1422 3912 1742 3975; x_wconf 84' lang='lat' dir='ltr'>Veritatel</span> <span class='ocrx_word' id='word_1_252' title='bbox 1788 3914 1959 3988; x_wconf 88' lang='lat' dir='ltr'>Quid</span> <span class='ocrx_word' id='word_1_253' title='bbox 1990 3914 2305 3977; x_wconf 76' lang='lat' dir='ltr'>sibi&#39;haec</span> <span class='ocrx_word' id='word_1_254' title='bbox 2336 3915 2644 3978; x_wconf 85' lang='lat' dir='ltr'>vocabula</span> <span class='ocrx_word' id='word_1_255' title='bbox 2688 3912 2918 3987; x_wconf 87' lang='lat' dir='ltr'>velint,</span> 
     </span>
     <span class='ocr_line' id='line_1_31' title="bbox 788 4019 2923 4102; baseline 0.001 -21"><span class='ocrx_word' id='word_1_256' title='bbox 788 4037 918 4082; x_wconf 90' lang='lat' dir='ltr'>non</span> <span class='ocrx_word' id='word_1_257' title='bbox 949 4020 1278 4096; x_wconf 81' lang='lat' dir='ltr'>omnihus,</span> <span class='ocrx_word' id='word_1_258' title='bbox 1313 4037 1395 4082; x_wconf 88' lang='lat' dir='ltr'>ne</span> <span class='ocrx_word' id='word_1_259' title='bbox 1420 4019 1547 4102; x_wconf 86' lang='lat' dir='ltr'>ipsi</span> <span class='ocrx_word' id='word_1_260' title='bbox 1580 4021 1848 4101; x_wconf 89' lang='lat' dir='ltr'>quidem</span> <span class='ocrx_word' id='word_1_261' title='bbox 1878 4021 2087 4099; x_wconf 63' lang='lat' dir='ltr'>Gestat,</span> <span class='ocrx_word' id='word_1_262' title='bbox 2121 4023 2490 4102; x_wconf 86' lang='lat' dir='ltr'>intelligere</span> <span class='ocrx_word' id='word_1_263' title='bbox 2517 4030 2579 4085; x_wconf 92' lang='lat' dir='ltr'>et</span> <span class='ocrx_word' id='word_1_264' title='bbox 2602 4021 2923 4101; x_wconf 88' lang='lat' dir='ltr'>explicare</span> 
     </span>
     <span class='ocr_line' id='line_1_32' title="bbox 788 4127 2920 4210; baseline -0.001 -18"><span class='ocrx_word' id='word_1_265' title='bbox 788 4145 1162 4192; x_wconf 89' lang='lat' dir='ltr'>concessum</span> <span class='ocrx_word' id='word_1_266' title='bbox 1193 4127 1339 4189; x_wconf 81' lang='lat' dir='ltr'>fuit.</span> <span class='ocrx_word' id='word_1_267' title='bbox 1376 4128 1546 4202; x_wconf 88' lang='lat' dir='ltr'>Quid</span> <span class='ocrx_word' id='word_1_268' title='bbox 1590 4127 1797 4191; x_wconf 85' lang='lat' dir='ltr'>multa</span> <span class='ocrx_word' id='word_1_269' title='bbox 1823 4129 1850 4190; x_wconf 85' lang='lat'><strong>?</strong></span> <span class='ocrx_word' id='word_1_270' title='bbox 1881 4130 2248 4192; x_wconf 87' lang='lat' dir='ltr'>remedium</span> <span class='ocrx_word' id='word_1_271' title='bbox 2292 4132 2603 4210; x_wconf 87' lang='lat' dir='ltr'>reperisse</span> <span class='ocrx_word' id='word_1_272' title='bbox 2635 4130 2798 4191; x_wconf 89' lang='lat' dir='ltr'>mihi</span> <span class='ocrx_word' id='word_1_273' title='bbox 2832 4129 2920 4191; x_wconf 87' lang='lat' dir='ltr'>vi-</span> 
     </span>
     <span class='ocr_line' id='line_1_33' title="bbox 787 4234 2923 4312; baseline 0 -14"><span class='ocrx_word' id='word_1_274' title='bbox 787 4237 940 4299; x_wconf 88' lang='lat' dir='ltr'>deor</span> <span class='ocrx_word' id='word_1_275' title='bbox 970 4253 1098 4298; x_wconf 91' lang='lat' dir='ltr'>non</span> <span class='ocrx_word' id='word_1_276' title='bbox 1138 4234 1341 4299; x_wconf 87' lang='lat' dir='ltr'>nimis</span> <span class='ocrx_word' id='word_1_277' title='bbox 1383 4235 1764 4300; x_wconf 88' lang='lat' dir='ltr'>violentum.</span> <span class='ocrx_word' id='word_1_278' title='bbox 1813 4236 2176 4312; x_wconf 86' lang='lat' dir='ltr'>Suffecerit,</span> <span class='ocrx_word' id='word_1_279' title='bbox 2212 4239 2269 4300; x_wconf 87' lang='lat' dir='ltr'>si</span> <span class='ocrx_word' id='word_1_280' title='bbox 2315 4257 2418 4301; x_wconf 89' lang='lat' dir='ltr'>me</span> <span class='ocrx_word' id='word_1_281' title='bbox 2454 4238 2667 4311; x_wconf 88' lang='lat' dir='ltr'>audis,</span> <span class='ocrx_word' id='word_1_282' title='bbox 2719 4245 2923 4299; x_wconf 88' lang='lat' dir='ltr'>trans-</span> 
     </span>
     <span class='ocr_line' id='line_1_34' title="bbox 787 4342 2924 4425; baseline -0.001 -21"><span class='ocrx_word' id='word_1_283' title='bbox 787 4360 1024 4423; x_wconf 82' lang='lat' dir='ltr'>ponere</span> <span class='ocrx_word' id='word_1_284' title='bbox 1052 4342 1247 4404; x_wconf 70' lang='lat' dir='ltr'>verba</span> <span class='ocrx_word' id='word_1_285' title='bbox 1286 4342 1457 4425; x_wconf 80' lang='grc' dir='ltr'>χαίρει</span> <span class='ocrx_word' id='word_1_286' title='bbox 1496 4349 1559 4404; x_wconf 78' lang='lat' dir='ltr'>et</span> <span class='ocrx_word' id='word_1_287' title='bbox 1601 4343 1907 4424; x_wconf 77' lang='grc' dir='ltr'>συνχαίρει,</span> <span class='ocrx_word' id='word_1_288' title='bbox 1943 4361 2024 4406; x_wconf 78' lang='lat' dir='ltr'>ac</span> <span class='ocrx_word' id='word_1_289' title='bbox 2073 4345 2351 4408; x_wconf 79' lang='lat' dir='ltr'>Scribere</span> <span class='ocrx_word' id='word_1_290' title='bbox 2387 4369 2398 4406; x_wconf 75' lang='grc' dir='ltr'><strong><em>ε</em></strong></span> <span class='ocrx_word' id='word_1_291' title='bbox 2445 4345 2507 4405; x_wconf 77' lang='grc' dir='ltr'>οὐ</span> <span class='ocrx_word' id='word_1_292' title='bbox 2553 4343 2814 4425; x_wconf 76' lang='grc' dir='ltr'>λογίζεται</span> <span class='ocrx_word' id='word_1_293' title='bbox 2862 4342 2924 4402; x_wconf 80' lang='grc' dir='ltr'>τὸ</span> 
     </span>
    </p>
   </div>
  </div>
 </body>
</html>
