3559 5609
68 73 89 268 -“’Ἱ“-“
70 55 75 66 ”

1503 815 1609 875 111,
1652 812 1820 863 10-12.
2672 813 2733 863 37

598 930 715 1011 qui
763 928 1029 1009 irrigat,
1069 929 1177 991 sed
1211 929 1327 1009 qui
1361 930 1844 991 incrementum
1886 927 1994 989 dat
2035 928 2221 991 Deus.
2265 927 2479 1010 (Quod
2513 937 2729 992 autem
2831 981 2836 984 .

597 1037 679 1100 ad
709 1036 898 1099 illum
928 1035 1155 1097 attinet
1182 1036 1295 1116 qui
1328 1035 1573 1115 plantat
1601 1035 1763 1096 etad
1793 1033 1983 1097 illurn
2014 1035 2130 1116 qui
2150 1036 2335 1113 rigat,
2362 1035 2529 1097 nihil
2551 1044 2726 1098 sunt.

597 1144 934 1219 Ceterum,
968 1143 1127 1223 quid
1153 1142 1327 1205 istud
1357 1143 1438 1204 ad
1460 1143 1614 1204 vos?
1646 1143 2112 1223 Unusquisque
2139 1144 2460 1224 propriam
2492 1161 2727 1207 merce·

597 1252 743 1315 dem
775 1252 1043 1332 accipiet
1065 1250 1425 1315 secundum
1445 1269 1638 1313 suum
1666 1250 2002 1330 laborem).
2029 1251 2141 1313 Dei
2164 1251 2344 1313 enim
2367 1269 2592 1313 sumus
2621 1253 2727 1314 ad·

592 1361 876 1440 juto'res;
923 1359 1036 1421 Dei
1069 1377 1221 1436 ager
1265 1357 1418 1419 estis
1449 1406 1463 1433 ‚
1508 1357 1620 1420 Dei
1657 1357 2028 1419 aedificium
2073 1358 2246 1419 estis,
2305 1381 2334 1415 x·
2376 1357 2728 1437 Colligetur

596 1476 766 1530 arcte
799 1487 859 1526 V.
889 1466 924 1525 9
956 1484 1102 1527 cum
1127 1472 1200 1534 ὡς
1225 1471 1253 1526 ὁ
1275 1463 1448 1548 κύριος
1471 1464 1663 1526 ἔδωκεν
1689 1463 1774 1544 (V.
1800 1463 1887 1546 5),
1915 1463 2052 1525 ἀλλὰ
2078 1469 2107 1526 ὁ
2132 1465 2270 1534 Θεὸς
2294 1463 2508 1539 ηὔξανεν
2522 1466 2611 1546 (v.
2641 1466 2722 1543 6),

597 1573 716 1635 ἀλλ’
762 1580 790 1635 ὁ
832 1573 1068 1644 αὐξάνων
1109 1572 1248 1641 Θεός
1282 1573 1371 1654 (V.
1413 1572 1498 1652 7).
1537 1572 1722 1646 Quod
1757 1572 1924 1633 mihi
1953 1572 2264 1653 postulari.
2295 1573 2548 1635 videtur
2576 1590 2725 1636 cum

600 1682 940 1763 positione,
982 1691 1115 1742 turn
1146 1681 1526 1761 repetitione
1553 1683 1694 1741 Θεοῦ
1722 1681 1789 1741 in
1831 1700 1892 1744 v,
1921 1681 1980 1742 9.
2012 1680 2094 1744 Τὸ
2126 1681 2226 1765 γάρ
2255 1663 2518 1763 quoque
2537 1698 2722 1760 prae-

597 1789 769 1851 clare
811 1790 900 1851 ita
947 1788 1324 1868 explicatur.
1358 1789 1439 1851 V.
1482 1789 1519 1851 8
1569 1794 1788 1850 autem
1822 1788 2007 1869 quasi
2045 1788 2573 1852 interclusionem
2609 1806 2722 1851 ex-

597 1896 1020 1978 planatoriam
1052 1896 1383 1959 haberem.

678 2005 770 2065 De
802 2004 1012 2066 verbis
1041 2002 1185 2064 οὐθὲν
1205 1994 1359 2082 εἶναι,
1392 2002 1611 2065 confer
1644 2001 1943 2079 V11,19;
1977 2002 2170 2076 XIII,
2207 2004 2264 2063 2.
2298 2035 2377 2048 —
2412 2001 2599 2064 Vices
2623 2017 2726 2063 va-

592 2113 763 2174 riant
789 2111 943 2194 (οὑκ)
985 2103 1117 2173 εἶναί
1142 2136 1193 2172 τι
1229 2121 1291 2173 et
1327 2102 1458 2172 εἶναι
1505 2110 1655 2171 οὐδέν
1698 2111 1764 2172 in
1817 2110 2088 2189 epistula
2120 2116 2379 2186 nostra,
2414 2110 2492 2171 de
2534 2107 2727 2170 idolis

588 2221 716 2302 (Cf.
749 2222 947 2297 VIII,
982 2221 1017 2281 4
1049 2220 1137 2303 (1)
1170 2229 1232 2283 et
1260 2221 1347 2295 Χ,
1393 2220 1509 2296 19).

672 2329 922 2391 Erroris
965 2347 1155 2391 causa
1201 2347 1330 2391 non
1382 2328 1536 2390 latet
1581 2353 1592 2387 :
1646 2335 1787 2407 post
1829 2325 2139 2408 (ποτίζ)ων,
2186 2324 2382 2406 cmiv)
2431 2325 2721 2390 evanuit.

592 2438 762 2499 Nam
793 2461 865 2497 ων
892 2461 974 2492 ---
1003 2461 1064 2497 ου
1090 2436 1338 2518 (Bast);
1381 2444 1444 2499 et
1471 2445 1623 2498 ante
1651 2460 1726 2511 εν,
1758 2435 1968 2496 littera
1997 2440 2025 2494 θ
2047 2424 2340 2508 evanuit,
2368 2450 2517 2495 nam
2546 2439 2574 2493 θ
2595 2460 2677 2486 --·-
2700 2457 2725 2493 ι

588 2546 785 2625 (Bast,
830 2543 1189 2627 Vollqraff).

1453 2756 1555 2818 III
1578 2805 1592 2832 ,
1645 2756 1857 2820 10-12.

674 2975 880 3053 Meyer
899 2989 972 3034 ac
994 2971 1181 3034 Godet
1206 2972 1322 3034 hos
1342 2990 1402 3032 ν.
1439 2970 1606 3032 male
1632 2971 1930 3050 expedire
1951 2972 2119 3033 mihi
2141 2972 2465 3046 videntur,
2487 2971 2555 3031 in
2583 2971 2724 3051 qui-

594 3080 711 3143 bus
742 3089 957 3141 tamen
984 3081 1451 3140 sententiarum
1484 3078 1846 3139 constantia
1880 3096 1952 3140 ac
1991 3087 2170 3141 tenor
2198 3079 2268 3139 in
2299 3081 2514 3157 aprico
2545 3087 2716 3140 sunt.

674 3185 918 3248 Paulus
959 3186 1455 3247 fundamentum
1505 3184 1732 3266 posuit.
1778 3185 1961 3260 Quod
1994 3186 2490 3248 fundamentum
2518 3235 2532 3263 ‚
2566 3188 2721 3268 quia

582 3296 717 3373 jam
760 3294 1036 3372 positum
1070 3301 1197 3366 est,
1234 3292 1359 3354 dici
1391 3300 1595 3371 potest
1622 3292 1691 3353 in
1727 3293 2045 3371 praesenti
2075 3295 2332 3372 κείμενον.
2370 3295 2718 3375 Postquam

587 3402 824 3462 factum
890 3398 1056 3462 illud
1120 3417 1294 3459 mere
1358 3399 1753 3474 enuntiavit,
1818 3399 1994 3460 addit
2056 3399 2295 3462 Paulus
2355 3402 2635 3480 primum
2700 3422 2713 3464 z

591 3534 617 3564 «ι
661 3509 823 3570 alius
855 3516 1067 3569 autem
1108 3506 1593 3584 superaedificat
1627 3529 1684 3579 »‚
1735 3514 1868 3567 tum
1902 3525 1915 3567 ε
1961 3530 1988 3561 «
2026 3509 2472 3588 unusquisque
2503 3517 2717 3571 autem

587 3617 797 3677 videat
828 3614 1144 3695 quomodo
1175 3613 1679 3694 superaedificet.
1720 3637 1746 3667 n

674 3725 806 3783 Vox
840 3723 939 3805 γάρ
970 3742 1027 3784 v.
1070 3723 1132 3782 11
1170 3722 1330 3782 duas
1362 3719 1816 3799 explicationes
1845 3720 1926 3781 ad
1959 3720 2116 3783 haec
2144 3722 2272 3785 duo
2303 3724 2590 3785 membra
2615 3740 2716 3785 re-

590 3828 884 3889 ferendas
914 3827 1184 3889 inducit.
1219 3827 1388 3889 Illud
1416 3827 1513 3908 γάρ
1545 3827 1745 3905 igitur
1767 3827 1962 3888 simul
1994 3828 2073 3889 ad
2098 3847 2157 3888 V.
2199 3829 2260 3889 11
2300 3837 2362 3890 et
2388 3848 2449 3893 v,
2480 3829 2550 3890 12
2573 3847 2714 3909 per-

591 3935 772 3996 tinet.

668 4040 867 4110 ’Άλλος
900 4045 1232 4121 ἐποικοδομεῖ
1268 4066 1281 4081 ·
1314 4042 1551 4121 θεμέλιον
1579 4043 1703 4125 γὰρ
1737 4043 1897 4102 ἄλλον
1935 4042 2100 4110 οὐδεὶς
2135 4042 2344 4104 δύναται
2382 4050 2542 4106 θεῖναι
2571 4045 2714 4129 παρὰ

498 4231 507 4244 .
583 4151 671 4210 τὸν
697 4149 957 4228 κείμενον,
990 4148 1127 4209 scil.
1158 4147 1298 4231 παρὰ
1329 4149 1416 4210 τὸν
1445 4149 1683 4229 θεμέλιον
1706 4147 1762 4208 ὃν
1793 4148 1898 4229 ἐγὼ
1927 4153 2143 4217 Παῦλος
2171 4151 2347 4224 ἔθηκα.
2382 4152 2718 4234 Quaprop->

648 4378 714 4442 (1)
745 4378 827 4430 Cf.
861 4379 1286 4443 explicationem
1321 4393 1486 4442 quam
1512 4379 1580 4427 de
1610 4392 1746 4428 voce
1777 4379 1919 4431 οὐδέν
1950 4379 2006 4427 in
2037 4380 2086 4427 h.
2121 4379 2155 4428 l.
2191 4382 2360 4428 Godet
2390 4382 2669 4444 proponit.
