3559 5609
1631 830 1777 893 xw,
1814 832 1862 881 2.
2722 833 2805 884 131

679 945 760 1006 In
792 946 1007 1022 Rom„
1040 946 1202 1009 VIII
1221 992 1242 1021 ,
1276 947 1459 1008 24-25
1492 945 1623 1025 legi
1658 956 1859 1026 potest
1892 971 1905 1007 ε
1941 947 2088 1015 ἐλπὶς
2120 945 2176 1008 δὲ
2216 947 2513 1028 βλεπομένη
2544 949 2641 1011 οὐκ
2674 947 2813 1010 ἔστιν

681 1052 829 1120 ἐλπίς
863 1075 877 1091 ·
911 1050 941 1111 8
971 1050 1073 1136 γὰρ
1108 1052 1290 1134 βλέπει
1322 1077 1434 1129 τις,
1467 1052 1518 1113 τί
1548 1052 1640 1114 καὶ
1678 1053 1874 1124 ἐλπίζει
1900 1079 1917 1129 3
1948 1057 1995 1114 εἶ
2029 1051 2083 1114 δὲ
2119 1052 2149 1113 8
2184 1054 2245 1114 οὐ
2282 1054 2575 1135 βλέπομεν,
2607 1055 2817 1125 ἐλπίζο-

678 1184 847 1241 μεν...
879 1160 990 1240 (cf.
1025 1161 1253 1237 Helm,
1285 1161 1420 1237 XI,
1458 1162 1538 1242 1).
1573 1161 1697 1224 Hic
1741 1179 2000 1241 quoque
2041 1162 2389 1241 opponitur
2428 1161 2652 1224 visioni
2688 1178 2817 1225 non

675 1264 838 1330 fides
874 1268 1142 1348 quidem
1166 1316 1182 1343 ,
1216 1268 1327 1330 sed
1360 1285 1518 1350 spes.
1552 1269 1632 1330 In
1670 1269 1694 1329 1
1731 1268 1905 1345 Cor.,
1939 1268 2108 1330 XIII
2129 1316 2143 1343 ,
2184 1269 2256 1329 12
2285 1276 2502 1331 autem
2536 1269 2822 1348 praecise

678 1375 758 1437 de
809 1362 1044 1439 visione
1092 1374 1409 1457 (βλέπομεν)
1457 1394 1669 1439 sermo
1714 1376 1859 1440 fuit.
1916 1377 1963 1438 E
2012 1395 2075 1437 v·
2130 1376 2281 1438 8-12
2334 1375 2574 1439 Paulus
2624 1376 2823 1454 igitur

678 1482 1164 1545 conclusionem
1187 1500 1318 1546 non
1358 1482 1566 1546 solum
1599 1484 1679 1545 de
1707 1485 1969 1545 caritate
1995 1485 2353 1561 (nominata
2379 1484 2826 1564 descriptaque

679 1588 750 1649 in
780 1608 841 1649 ν.
875 1588 969 1666 8),
1003 1589 1116 1652 sed
1145 1591 1342 1652 etiam
1380 1591 1458 1652 de
1492 1590 1620 1652 fide
1654 1608 1727 1652 ac
1760 1608 1871 1670 spe
1905 1608 2066 1670 quas
2100 1606 2232 1652 non
2277 1588 2824 1653 nominatas‘des-

678 1697 900 1775 cripsit
931 1703 1170 1770 tamen,
1197 1697 1431 1759 ducere
1462 1704 1688 1776 potest.
1714 1731 1794 1744 -—
1818 1697 1999 1758 Finis
2024 1716 2082 1757 ν.
2113 1695 2187 1760 13
2211 1696 2551 1776 respondet
2572 1715 2633 1757 v.
2663 1696 2823 1771 XII,

679 1800 813 1873 31¹³,
848 1801 1013 1866 Cum
1055 1820 1248 1884 super
1285 1803 1508 1867 omnia
1539 1804 1785 1884 optima
1812 1802 1912 1866 'sit
1951 1803 2184 1865 caritas
2218 1802 2442 1885 (μείζων
2477 1804 2716 1885 πάντων)
2746 1835 2826 1851 -

679 1918 741 1973 et
778 1929 1033 1989 revera,
1072 1912 1125 1974 si
1160 1912 1552 1974 charismata
1595 1912 1884 1993 duasque
1927 1912 2085 1974 alias
2125 1912 2513 1975 christianas
2556 1914 2825 1974 virtutes

680 2028 976 2099 superat,
1009 2036 1293 2100 quonam
1335 2021 1623 2099 superari
1666 2019 1903 2100 possit?
1932 2052 2012 2068 —
2044 2020 2248 2099 digna
2287 2038 2444 2083 sane
2472 2024 2566 2084 est
2593 2021 2825 2082 caritas

677 2145 843 2207 quae
885 2126 1425 2190 excellentissima
1471 2129 1572 2190 via
1621 2136 1918 2204 vocetur,
1967 2135 2029 2205 ἡ,
2050 2126 2182 2189 καθ’
2230 2127 2521 2213 ὑπερὸολὴν
2566 2126 2703 2196 ὁδός.
2746 2160 2825 2175 --

678 2234 1023 2299 Concludit
1050 2235 1373 2317 apostolus
1406 2257 1420 2298 z
1451 2260 1479 2293 α
1515 2237 1866 2300 sectamini
1898 2237 2254 2299 caritatem.
2291 2260 2320 2294 n
2347 2238 2496 2299 Non
2531 2235 2824 2317 prohihet

679 2349 896 2406 tamen
933 2343 1176 2406 Paulus
1223 2344 1688 2406 charismatum
1742 2345 2160 2406 desiderium.
2196 2343 2398 2405 Addit
2446 2342 2762 2421 extemplo
2801 2362 2819 2403 ε

683 2475 715 2507 «
749 2451 1198 2513 Aemulamini
1231 2460 1444 2513 tamen
1477 2451 1815 2531 spiritalia.
1854 2476 1883 2507 n
1922 2452 2143 2514 Priore
2178 2450 2473 2513 muneris
2503 2450 2609 2513 sui
2646 2457 2822 2530 parte
2859 2504 2864 2509 .

681 2557 974 2635 functuS,
1012 2557 1126 2620 illa
1168 2558 1413 2621 scilicet
1458 2576 1622 2638 quae
1669 2558 1773 2620 his
1810 2559 2023 2621 verbis
2056 2556 2151 2632 τὴν
2200 2555 2330 2619 καθ’
2369 2555 2668 2640 ὑπερὸολὴν
2705 2554 2824 2618 ὁδὸν

679 2668 803 2744 ὑμῖν
835 2665 1066 2744 δείκνυμι
1094 2666 1280 2745 (XII,
1314 2665 1418 2745 31)
1448 2665 1798 2741 indicatur,
1832 2667 1903 2727 in
1935 2682 2009 2728 eo
2039 2674 2135 2727 est
2168 2682 2344 2727 nunc
2375 2675 2444 2726 ut
2474 2664 2822 2743 posteriore

621 2822 630 2825 -
681 2772 1008 2851 fungatur.
1049 2774 1135 2836 Ut
1163 2774 1473 2852 promisso
1503 2781 1653 2846 stet,
1689 2772 2016 2851 reliquum
2048 2780 2143 2834 est
2175 2781 2243 2833 ut
2272 2773 2568 2834 ostendat
2598 2769 2664 2831 τὰ
2695 2768 2818 2850 μεί-

680 2882 803 2949 ζονα
857 2882 1163 2964 χαρίσματα
1213 2879 1406 2960 (XII,
1461 2878 1565 2959 31)
1612 2899 1627 2940 :
1679 2879 1854 2958 quod
1902 2880 2034 2956 agit
2088 2879 2365 2939 suadens
2418 2877 2820 2957 prophetiam

683 2986 901 3067 (XIV,
942 2986 1005 3048 1¹>
1035 2988 1158 3068 sq.)
1188 3004 1261 3048 ac
1305 2986 1742 3066 praescribens
1780 2987 1950 3048 inter
1989 2984 2336 3065 spiritalia,
2368 2983 2484 3046 illa
2529 3001 2818 3064 praeser-

684 3094 802 3155 tim
865 3111 1175 3175 quaerere
1238 3111 1403 3174 quae
1462 3093 1544 3155 ad
1605 3093 2120 3155 aedificationem
2188 3092 2509 3154 Ecclesiae
2573 3090 2824 3170 prosint

685 3202 906 3284 (XIV,
944 3203 1067 3283 12).

1597 3417 1757 3482 XIV
1773 3469 1798 3495 ,,
1845 3420 1898 3480 2.
1962 3460 1965 3465 -

769 3688 965 3762 Licet,
986 3687 1341 3749 secundum
1355 3686 1846 3765 grammaticam
1864 3684 2372 3766 legem,m26p.avz
2391 3711 2416 3739 «
2443 3685 2514 3746 iu
2533 3684 2761 3765 spiritu
2788 3707 2816 3739 ι

684 3803 797 3858 aut
830 3819 858 3852 α
891 3814 929 3858 a
963 3795 1193 3875 spiritu
1228 3820 1255 3849 ιι
1287 3793 1433 3875 (ope
1464 3795 1727 3875 spiritus
1757 3793 1995 3874 divini)
2026 3796 2293 3856 vertere.
2329 3793 2678 3855 Contextus
2707 3810 2825 3857 au-

691 3910 816 3964 tem
861 3903 1184 3984 postulare
1230 3903 1515 3977 videtur,
1568 3910 1634 3963 ut
1689 3918 1870 3964 voces
1911 3899 2169 3982 πνεύματι
2212 3904 2367 3962 λαλεῖ
2411 3900 2759 3963 reddantur
2806 3920 2820 3961 ε

695 4033 723 4065 «ι
766 4009 1023 4090 spiritui
1072 4009 1360 4090 loquitur
1398 4032 1426 4065 »
1463 4008 1570 4091 (cf.
1610 4011 1703 4086 2⁸,
1742 4007 1840 4085 3⁸,
1880 4009 1963 4085 6).
2003 4007 2210 4081 Quem
2253 4007 2541 4070 dativum
2589 4007 2826 4069 habere

690 4134 806 4197 pro
826 4117 1169 4194 commodi,
1205 4116 1320 4196 qui
1344 4115 1602 4192 dicitur,
1629 4115 1869 4195 dativo,
1901 4114 2153 4177 licitum
2183 4132 2337 4177 sane
2367 4121 2541 4194 puto,
2575 4129 2705 4176 non
2740 4120 2821 4174 ta-

687 4243 841 4288 men
874 4224 1148 4289 omnino
1182 4224 1642 4286 necessarium.
