3559 5609
1508 906 1524 990 ἐ
1559 894 1627 957 V,
1662 893 1710 944 2.
2645 884 2705 936 47

651 1020 813 1082 Vers
843 1017 956 1088 IV,
991 1015 1060 1075 21
1097 1021 1158 1076 et
1192 1013 1273 1086 V,
1313 1014 1336 1073 1
1375 1019 1548 1073 arcte
1574 1007 1923 1089 conjungi,
1960 1004 2145 1068 facile
2192 1003 2414 1066 videre
2445 1003 2648 1082 possis
2685 1021 2698 1064 ε

577 1128 752 1189 Num
789 1142 896 1187 vos
938 1122 1267 1184 immerito
1295 1122 1363 1181 in
1397 1119 1574 1181 hunc
1619 1116 1884 1178 modum
1922 1131 2079 1192 ego,
2117 1112 2394 1187 Paulus,
2425 1112 2706 1200 interro-

574 1233 765 1316 gavi?
826 1233 1001 1294 Num
1052 1228 1358 1292 ecclesiae
1398 1223 1969 1290 vestrae-conditio
2005 1240 2079 1283 ac
2119 1229 2318 1283 status
2353 1218 2517 1280 mihi
2557 1236 2702 1298 pro-

575 1341 717 1403 bari
756 1338 1058 1418 possunt?
1091 1337 1327 1398 Nonne
1372 1341 1526 1395 sunt
1568 1332 1740 1393 inter
1770 1348 1880 1393 vos
1911 1347 2060 1391 cum
2092 1326 2478 1392 fornicarius
2501 1373 2516 1403 ,
2568 1335 2707 1388 tum

577 1462 1010 1525 perpugnaces
1041 1442 1157 1522 qui
1192 1451 1440 1520 tempus
1470 1440 1543 1500 in
1568 1437 1937 1501 altercando
1967 1435 2527 1515 superbiendoque
2557 1450 2710 1496 con-

580 1560 879 1627 sumunt,
917 1550 1159 1613 nedum
1188 1550 1259 1610 in
1292 1548 1562 1611 noxium
1590 1545 1933 1608 saeviant?
1968 1544 2201 1608 Nonne
2238 1541 2499 1606 auditur
2539 1540 2714 1603 inter

582 1676 771 1723 vos...
805 1666 922 1721 etc.
944 1659 974 1718 τ

1536 1762 1633 1839 V,
1681 1762 1742 1824 2.

667 1980 808 2042 Nisi
832 1981 1210 2060 interpretes
1241 1985 1607 2041 metuerent
1631 1976 2391 2053 excommunicationem,
2421 1993 2551 2040 non
2582 1995 2719 2058 per·

587 2095 954 2149 severarent
993 2085 1079 2147 ἵνα
1109 2085 1238 2169 ἀρθῇ
1288 2086 1367 2147 ad
1419 2084 1737 2158 ἐπενθήσατε
1780 2084 2044 2148 referre.
2090 2082 2495 2162 significatio
2536 2084 2717 2146 verbi

589 2194 905 2268 ἐπενθήσατε
947 2193 1346 2274 oppositione
1388 2192 1801 2254 constituitur
1828 2208 1996 2271 quae
2035 2191 2208 2252 inter
2236 2190 2402 2254 illud
2446 2198 2510 2253 et
2544 2214 2718 2276 πεφυ-

587 2301 835 2381 σιωμένοι
865 2300 985 2361 ἐστέ
1013 2300 1122 2382 (cf.
1160 2320 1219 2361 v.
1269 2299 1333 2380 6)
1362 2308 1627 2363 constat.
1664 2300 1926 2377 Repone
1957 2298 2161 2376 igitur
2195 2298 2721 2377 interrogationis

592 2418 810 2471 notam
852 2415 993 2488 post
1032 2407 1348 2482 ἐπενθήσατε
1382 2426 1396 2469 :
1435 2431 1462 2463 α
1497 2408 1576 2467 Et
1617 2422 1726 2468 vos
1762 2405 1972 2467 inflati
2014 2405 2196 2480 estiS,
2240 2415 2302 2467 et
2341 2422 2474 2467 non
2510 2405 2721 2485 potius

588 2517 659 2578 in
694 2516 872 2579 luctu
905 2515 1163 2577 fuistis?
1199 2538 1227 2570 n
1262 2515 1351 2577 Ut
1380 2514 1686 2576 viderunt
1704 2514 1843 2594 jam
1881 2514 2012 2590 Pott
2052 2521 2114 2574 et
2143 2513 2460 2589 Hosmann
2491 2511 2722 2595 (miror
2761 2549 2762 2552 =

590 2624 762 2686 hanc
787 2623 1380 2701 interpretationem
1407 2615 1595 2684 Godet
1624 2621 1694 2681 in
1730 2620 2198 2683 commentario
2227 2638 2343 2683 suo
2373 2637 2505 2683 non
2545 2638 2760 2683 rece-·

592 2731 809 2812 pisse),
843 2730 1159 2811 particula
1188 2729 1272 2790 ἵνα
1309 2746 1543 2791 novam
1579 2728 1917 2809 periodum
1950 2729 2220 2808 incipit:
2265 2752 2291 2785 ιι
2327 2727 2613 2791 Tollatur
2645 2727 2724 2791 de

592 2840 805 2902 medio
857 2846 1135 2900 vestrum
1192 2838 1306 2918 qui
1352 2836 1474 2900 hoc
1519 2855 1679 2917 opus
1732 2836 1927 2899 fecit!
1986 2861 2014 2893 »
2074 2837 2213 2900 Hoc
2267 2836 2458 2900 modo
2514 2835 2724 2899 solum

595 2944 930 3008 commode
995 2943 1299 3023 explicari
1362 2952 1630 3024 possunt
1694 2944 1889 3005 verba
1949 2941 2046 3023 μὲν
2103 2943 2202 3027 γάρ
2253 2951 2317 3006 et
2370 2944 2471 3019 ἤδη
2531 2944 2602 3006 in
2661 2964 2723 3006 v·

598 3050 656 3114 3.
713 3051 1043 3113 Adversus
1099 3052 1257 3113 haec
1311 3068 1439 3113 non
1488 3050 1925 3131 oinciendum
1975 3054 2302 3133 passivum
2349 3050 2501 3136 ἀρθῇ.
2557 3051 2727 3125 Quid

600 3159 774 3220 enim
808 3158 1059 3237 quaerit
1091 3156 1370 3234 Paulus,
1405 3158 1532 3219 nisi
1565 3157 1899 3221 ostendere
1937 3176 2129 3239 quam
2171 3159 2612 3221 necessarium
2645 3158 2731 3219 sit

600 3266 867 3326 noxium
920 3281 1044 3325 non
1093 3263 1373 3343 amplius
1424 3265 1494 3325 in
1551 3265 1822 3328 ecclesia
1866 3266 2299 3328 commorari?
2341 3265 2465 3328 Sed
2513 3283 2552 3327 a
2602 3281 2732 3345 quo

596 3372 915 3452 quibusve
958 3371 1191 3433 noxius
1236 3370 1644 3450 expelletur?
1696 3371 1884 3436 Illius
1936 3371 2057 3434 hoc
2087 3373 2267 3451 parvi
2306 3373 2500 3435 refert
2539 3391 2552 3436 ε
2593 3390 2731 3452 per-

596 3479 822 3557 magni
882 3487 1100 3542 contra
1161 3480 1431 3541 interest
1493 3480 1759 3542 noxium
1827 3479 2077 3559 expelli.
2149 3480 2548 3560 Quapropter
2613 3481 2732 3544 tibi

599 3587 965 3649 existimare
995 3586 1148 3649 licet
1178 3587 1250 3647 in
1297 3586 1410 3649 illo
1459 3606 1519 3651 V.
1566 3586 1631 3645 2¹³
1663 3585 1860 3649 latere
1900 3596 2009 3648 aut
2044 3589 2301 3665 jussum
2338 3590 2508 3667 quod
2552 3606 2734 3651 exse-

602 3694 936 3771 quendum
960 3693 1316 3756 Corinthiis
1347 3692 1642 3774 sit(quod
1672 3694 1937 3755 sortasse
1964 3692 2289 3772 postulant
2310 3713 2370 3759 v.
2402 3695 2478 3770 V,
2512 3696 2574 3772 7,
2607 3695 2729 3778 13),

603 3806 713 3860 aut
748 3800 1234 3878 postulationem
1267 3817 1395 3879 qua
1427 3800 1635 3862 Deum
1657 3808 1794 3862 oret
1818 3800 2138 3880 apostolus
2166 3801 2368 3880 (quod
2396 3801 2529 3863 sere
2558 3802 2735 3865 idem

608 3913 699 3967 est
728 3921 800 3967 ac
836 3924 1060 3968 sensus
1104 3926 1141 3967 a
1183 3905 1369 3969 Godet
1404 3908 1782 3987 propositus)
1809 3953 1827 3983 ,
1860 3919 1971 3969 aut
2007 3909 2267 3969 tandem
2305 3908 2492 3970 Pauli
2525 3909 2734 3991 ipsius

607 4013 953 4106 declaratio
981 4033 1106 4093 qua
1141 4017 1400 4077 nuntiet
1442 4017 1770 4078 decretum
1809 4034 2001 4078 suum
2041 4033 2169 4078 non
2209 4016 2413 4079 multo
2451 4027 2591 4098 post
2628 4036 2733 4081 ex-

606 4121 911 4202 plicatum
952 4119 1094 4201 (ἐγὼ
1128 4118 1223 4200 μὲν
1260 4122 1359 4205 γὰρ
1409 4124 1511 4197 ἤδη
1558 4123 1831 4207 κέκρικα).
1880 4123 2044 4185 Mihi
2096 4124 2349 4187 videtur
2391 4129 2574 4189 tertia
2621 4126 2734 4190 illa

609 4229 971 4310 explanatio
999 4230 1395 4309 accipienda,
1437 4232 1551 4293 sed
1580 4231 1776 4294 simul
1810 4230 1910 4293 vel
1945 4234 2148 4311 prima
2177 4231 2279 4293 vel
2315 4235 2598 4298 secunda
2628 4253 2736 4296 ex-

606 4337 866 4417 plenda.
894 4325 962 4399 Ν’
959 4355 1065 4398 am
1087 4337 1415 4399 decretum
1438 4337 1628 4401 Pauli
1650 4337 1818 4401 nihil
1850 4356 1989 4400 esse
2019 4348 2221 4418 potest
2248 4339 2587 4422 debetque,
2612 4343 2739 4406 nisi

605 4448 861 4525 jussum
893 4452 1004 4508 aut
1036 4445 1336 4525 precatio.
