<?xml version="1.0" encoding="UTF-8"?>
<!DOCTYPE html PUBLIC "-//W3C//DTD XHTML 1.0 Transitional//EN"
    "http://www.w3.org/TR/xhtml1/DTD/xhtml1-transitional.dtd">
<html xmlns="http://www.w3.org/1999/xhtml" xml:lang="en" lang="en">
 <head>
  <title>
</title>
<meta http-equiv="Content-Type" content="text/html;charset=utf-8" />
  <meta name='ocr-system' content='tesseract 3.04.00' />
  <meta name='ocr-capabilities' content='ocr_page ocr_carea ocr_par ocr_line ocrx_word'/>
</head>
<body>
  <div class='ocr_page' id='page_1' title='image "./depriorepauliad00boisgoog_0047.png"; bbox 0 0 3559 5609; ppageno 0'>
   <div class='ocr_carea' id='block_1_1' title="bbox 1578 786 2753 847">
    <p class='ocr_par' dir='ltr' id='par_1_1' title="bbox 1578 786 2753 847">
     <span class='ocr_line' id='line_1_1' title="bbox 1578 786 2753 847; baseline 0.001 -11"><span class='ocrx_word' id='word_1_1' title='bbox 1578 786 1683 847; x_wconf 87' lang='grc' dir='ltr'><strong>ΙΙΙ,</strong></span> <span class='ocrx_word' id='word_1_2' title='bbox 1724 786 1797 836; x_wconf 83' lang='grc'>13.</span> <span class='ocrx_word' id='word_1_3' title='bbox 2692 787 2753 837; x_wconf 85' lang='grc'>39</span> 
     </span>
    </p>
   </div>
   <div class='ocr_carea' id='block_1_2' title="bbox 606 900 2751 2593">
    <p class='ocr_par' dir='ltr' id='par_1_2' title="bbox 622 900 2750 1089">
     <span class='ocr_line' id='line_1_2' title="bbox 623 900 2750 981; baseline -0 -18"><span class='ocrx_word' id='word_1_4' title='bbox 623 903 825 975; x_wconf 90' lang='lat' dir='ltr'>nicht,</span> <span class='ocrx_word' id='word_1_5' title='bbox 854 921 922 965; x_wconf 92' lang='lat' dir='ltr'>so</span> <span class='ocrx_word' id='word_1_6' title='bbox 944 910 1186 965; x_wconf 91' lang='lat' dir='ltr'>musste</span> <span class='ocrx_word' id='word_1_7' title='bbox 1201 901 1335 964; x_wconf 91' lang='lat' dir='ltr'>also</span> <span class='ocrx_word' id='word_1_8' title='bbox 1364 902 1478 963; x_wconf 87' lang='lat' dir='ltr'>der</span> <span class='ocrx_word' id='word_1_9' title='bbox 1501 902 1738 981; x_wconf 74' lang='grc' dir='ltr'>κείμενος</span> <span class='ocrx_word' id='word_1_10' title='bbox 1753 901 1950 963; x_wconf 91' lang='lat' dir='ltr'>schon</span> <span class='ocrx_word' id='word_1_11' title='bbox 1979 900 2059 962; x_wconf 87' lang='lat' dir='ltr'>da</span> <span class='ocrx_word' id='word_1_12' title='bbox 2076 901 2238 976; x_wconf 89' lang='lat' dir='ltr'>sein,</span> <span class='ocrx_word' id='word_1_13' title='bbox 2262 900 2357 963; x_wconf 90' lang='lat' dir='ltr'>als</span> <span class='ocrx_word' id='word_1_14' title='bbox 2378 900 2529 963; x_wconf 87' lang='lat' dir='ltr'>Gott</span> <span class='ocrx_word' id='word_1_15' title='bbox 2557 901 2750 963; x_wconf 87' lang='lat' dir='ltr'>selbst</span> 
     </span>
     <span class='ocr_line' id='line_1_3' title="bbox 622 1010 1158 1089; baseline -0.009 -17"><span class='ocrx_word' id='word_1_16' title='bbox 622 1010 852 1073; x_wconf 85' lang='lat' dir='ltr'>Grund</span> <span class='ocrx_word' id='word_1_17' title='bbox 884 1011 1077 1089; x_wconf 80' lang='lat' dir='ltr'>legtel</span> <span class='ocrx_word' id='word_1_18' title='bbox 1127 1034 1158 1067; x_wconf 86' lang='lat'>»</span> 
     </span>
    </p>

    <p class='ocr_par' dir='ltr' id='par_1_3' title="bbox 606 1117 2751 1954">
     <span class='ocr_line' id='line_1_4' title="bbox 655 1117 2751 1209; baseline 0 -28"><span class='ocrx_word' id='word_1_19' title='bbox 655 1124 662 1130; x_wconf 86' lang='lat'>&#39;</span> <span class='ocrx_word' id='word_1_20' title='bbox 702 1120 843 1181; x_wconf 83' lang='lat' dir='ltr'>Dici</span> <span class='ocrx_word' id='word_1_21' title='bbox 880 1127 1081 1200; x_wconf 87' lang='lat' dir='ltr'>potest</span> <span class='ocrx_word' id='word_1_22' title='bbox 1124 1137 1273 1181; x_wconf 90' lang='lat' dir='ltr'>cum</span> <span class='ocrx_word' id='word_1_23' title='bbox 1312 1117 1501 1181; x_wconf 82' lang='lat' dir='ltr'>Godet</span> <span class='ocrx_word' id='word_1_24' title='bbox 1531 1117 1909 1209; x_wconf 83' lang='lat' dir='ltr'>particulam</span> <span class='ocrx_word' id='word_1_25' title='bbox 1956 1118 2011 1179; x_wconf 86' lang='grc' dir='ltr'>δέ</span> <span class='ocrx_word' id='word_1_26' title='bbox 2062 1138 2119 1179; x_wconf 87' lang='lat' dir='ltr'>v.</span> <span class='ocrx_word' id='word_1_27' title='bbox 2168 1119 2239 1179; x_wconf 78' lang='lat'>12</span> <span class='ocrx_word' id='word_1_28' title='bbox 2282 1118 2751 1209; x_wconf 70' lang='lat' dir='ltr'><strong>adversativam</strong></span> 
     </span>
     <span class='ocr_line' id='line_1_5' title="bbox 621 1224 2751 1309; baseline 0 -22"><span class='ocrx_word' id='word_1_29' title='bbox 621 1243 792 1302; x_wconf 88' lang='lat' dir='ltr'>esse,</span> <span class='ocrx_word' id='word_1_30' title='bbox 830 1244 958 1287; x_wconf 86' lang='lat' dir='ltr'>non</span> <span class='ocrx_word' id='word_1_31' title='bbox 1012 1234 1224 1288; x_wconf 90' lang='lat' dir='ltr'>autem</span> <span class='ocrx_word' id='word_1_32' title='bbox 1257 1225 1774 1288; x_wconf 87' lang='lat' dir='ltr'>obliviscendum</span> <span class='ocrx_word' id='word_1_33' title='bbox 1811 1242 1846 1286; x_wconf 93' lang='lat' dir='ltr'>e</span> <span class='ocrx_word' id='word_1_34' title='bbox 1877 1224 2188 1305; x_wconf 85' lang='lat' dir='ltr'>particula</span> <span class='ocrx_word' id='word_1_35' title='bbox 2224 1226 2323 1309; x_wconf 78' lang='grc' dir='ltr'>γάρ</span> <span class='ocrx_word' id='word_1_36' title='bbox 2365 1225 2545 1287; x_wconf 89' lang='lat' dir='ltr'>illam</span> <span class='ocrx_word' id='word_1_37' title='bbox 2590 1244 2751 1307; x_wconf 89' lang='lat' dir='ltr'>pen-</span> 
     </span>
     <span class='ocr_line' id='line_1_6' title="bbox 620 1332 2751 1414; baseline 0 -19"><span class='ocrx_word' id='word_1_38' title='bbox 620 1334 793 1398; x_wconf 86' lang='lat' dir='ltr'>dere.</span> <span class='ocrx_word' id='word_1_39' title='bbox 833 1336 1011 1395; x_wconf 82' lang='lat' dir='ltr'><strong>Inter</strong></span> <span class='ocrx_word' id='word_1_40' title='bbox 1049 1354 1108 1394; x_wconf 88' lang='lat' dir='ltr'>v.</span> <span class='ocrx_word' id='word_1_41' title='bbox 1156 1334 1219 1394; x_wconf 89' lang='lat'>11</span> <span class='ocrx_word' id='word_1_42' title='bbox 1272 1342 1334 1393; x_wconf 88' lang='lat' dir='ltr'>et</span> <span class='ocrx_word' id='word_1_43' title='bbox 1371 1333 1438 1393; x_wconf 80' lang='lat'>12</span> <span class='ocrx_word' id='word_1_44' title='bbox 1472 1332 1693 1394; x_wconf 88' lang='lat' dir='ltr'>eadem</span> <span class='ocrx_word' id='word_1_45' title='bbox 1728 1333 2045 1412; x_wconf 87' lang='lat' dir='ltr'>oppositio</span> <span class='ocrx_word' id='word_1_46' title='bbox 2078 1340 2323 1395; x_wconf 90' lang='lat' dir='ltr'>constat</span> <span class='ocrx_word' id='word_1_47' title='bbox 2357 1341 2547 1414; x_wconf 89' lang='lat' dir='ltr'>atque</span> <span class='ocrx_word' id='word_1_48' title='bbox 2577 1333 2751 1395; x_wconf 88' lang='lat' dir='ltr'>inter</span> 
     </span>
     <span class='ocr_line' id='line_1_7' title="bbox 616 1439 2750 1521; baseline 0.001 -20"><span class='ocrx_word' id='word_1_49' title='bbox 616 1439 778 1508; x_wconf 65' lang='grc' dir='ltr'>ἄλλοέ</span> <span class='ocrx_word' id='word_1_50' title='bbox 814 1443 1154 1520; x_wconf 83' lang='grc' dir='ltr'>ἐποικοδομεῖ</span> <span class='ocrx_word' id='word_1_51' title='bbox 1183 1446 1244 1501; x_wconf 81' lang='lat' dir='ltr'>et</span> <span class='ocrx_word' id='word_1_52' title='bbox 1278 1440 1501 1509; x_wconf 77' lang='grc' dir='ltr'>ἕκαστος</span> <span class='ocrx_word' id='word_1_53' title='bbox 1537 1440 1667 1502; x_wconf 82' lang='grc' dir='ltr'><strong>δέ...</strong></span> <span class='ocrx_word' id='word_1_54' title='bbox 1701 1440 2031 1521; x_wconf 81' lang='lat' dir='ltr'>Oppositio</span> <span class='ocrx_word' id='word_1_55' title='bbox 2062 1459 2227 1503; x_wconf 80' lang='lat' dir='ltr'>verS.</span> <span class='ocrx_word' id='word_1_56' title='bbox 2275 1441 2335 1502; x_wconf 86' lang='lat'>11</span> <span class='ocrx_word' id='word_1_57' title='bbox 2376 1449 2437 1503; x_wconf 81' lang='lat' dir='ltr'>et</span> <span class='ocrx_word' id='word_1_58' title='bbox 2470 1443 2540 1503; x_wconf 77' lang='lat'>12</span> <span class='ocrx_word' id='word_1_59' title='bbox 2570 1441 2750 1504; x_wconf 83' lang='lat' dir='ltr'>illam</span> 
     </span>
     <span class='ocr_line' id='line_1_8' title="bbox 618 1547 2746 1629; baseline 0.001 -19"><span class='ocrx_word' id='word_1_60' title='bbox 618 1548 888 1627; x_wconf 87' lang='lat' dir='ltr'>explicat</span> <span class='ocrx_word' id='word_1_61' title='bbox 922 1548 1412 1628; x_wconf 89' lang='lat' dir='ltr'>oppositionem,</span> <span class='ocrx_word' id='word_1_62' title='bbox 1442 1566 1604 1628; x_wconf 88' lang='lat' dir='ltr'>quae</span> <span class='ocrx_word' id='word_1_63' title='bbox 1635 1556 1770 1623; x_wconf 81' lang='lat' dir='ltr'>est,</span> <span class='ocrx_word' id='word_1_64' title='bbox 1810 1549 1878 1608; x_wconf 91' lang='lat' dir='ltr'>in</span> <span class='ocrx_word' id='word_1_65' title='bbox 1911 1565 2076 1610; x_wconf 87' lang='lat' dir='ltr'>vers.</span> <span class='ocrx_word' id='word_1_66' title='bbox 2120 1547 2246 1624; x_wconf 78' lang='lat'>101³,</span> <span class='ocrx_word' id='word_1_67' title='bbox 2281 1549 2454 1611; x_wconf 88' lang='lat' dir='ltr'>inter</span> <span class='ocrx_word' id='word_1_68' title='bbox 2482 1548 2610 1612; x_wconf 92' lang='lat' dir='ltr'>duo</span> <span class='ocrx_word' id='word_1_69' title='bbox 2639 1567 2746 1629; x_wconf 92' lang='lat' dir='ltr'>pe-</span> 
     </span>
     <span class='ocr_line' id='line_1_9' title="bbox 606 1653 2750 1742; baseline 0 -25"><span class='ocrx_word' id='word_1_70' title='bbox 606 1655 784 1742; x_wconf 37' lang='lat' dir='ltr'>·riodi</span> <span class='ocrx_word' id='word_1_71' title='bbox 815 1656 1127 1717; x_wconf 87' lang='lat' dir='ltr'>membra.·</span> <span class='ocrx_word' id='word_1_72' title='bbox 1164 1654 1316 1717; x_wconf 89' lang='lat' dir='ltr'>Ideo</span> <span class='ocrx_word' id='word_1_73' title='bbox 1345 1673 1600 1735; x_wconf 79' lang='lat' dir='ltr'>quoque</span> <span class='ocrx_word' id='word_1_74' title='bbox 1628 1653 1871 1717; x_wconf 87' lang='lat' dir='ltr'>Paulus</span> <span class='ocrx_word' id='word_1_75' title='bbox 1904 1654 2078 1717; x_wconf 88' lang='lat' dir='ltr'>hunc</span> <span class='ocrx_word' id='word_1_76' title='bbox 2107 1655 2406 1717; x_wconf 79' lang='lat' dir='ltr'>ordinem</span> <span class='ocrx_word' id='word_1_77' title='bbox 2444 1657 2750 1717; x_wconf 89' lang='lat' dir='ltr'>enuntia-</span> 
     </span>
     <span class='ocr_line' id='line_1_10' title="bbox 621 1759 2750 1846; baseline 0 -23"><span class='ocrx_word' id='word_1_78' title='bbox 621 1770 830 1824; x_wconf 85' lang='lat' dir='ltr'>torum</span> <span class='ocrx_word' id='word_1_79' title='bbox 868 1762 1164 1824; x_wconf 82' lang='lat' dir='ltr'><strong>adhibuit</strong></span> <span class='ocrx_word' id='word_1_80' title='bbox 1204 1779 1315 1840; x_wconf 90' lang='lat' dir='ltr'>pro</span> <span class='ocrx_word' id='word_1_81' title='bbox 1359 1763 1481 1825; x_wconf 88' lang='lat' dir='ltr'>isto</span> <span class='ocrx_word' id='word_1_82' title='bbox 1518 1781 1532 1824; x_wconf 75' lang='grc' dir='ltr'>ε</span> <span class='ocrx_word' id='word_1_83' title='bbox 1566 1763 1727 1830; x_wconf 82' lang='grc' dir='ltr'>ἄλλος</span> <span class='ocrx_word' id='word_1_84' title='bbox 1769 1759 1825 1821; x_wconf 84' lang='grc' dir='ltr'>δὲ</span> <span class='ocrx_word' id='word_1_85' title='bbox 1856 1764 2213 1842; x_wconf 77' lang='grc' dir='ltr'>ἐποικοδομεῖ.</span> <span class='ocrx_word' id='word_1_86' title='bbox 2246 1761 2511 1843; x_wconf 78' lang='grc' dir='ltr'>Θεμέλιον</span> <span class='ocrx_word' id='word_1_87' title='bbox 2536 1761 2637 1846; x_wconf 79' lang='grc' dir='ltr'>γὰρ</span> <span class='ocrx_word' id='word_1_88' title='bbox 2672 1796 2750 1808; x_wconf 93' lang='grc'>-</span> 
     </span>
     <span class='ocr_line' id='line_1_11' title="bbox 615 1868 2624 1954; baseline -0 -22"><span class='ocrx_word' id='word_1_89' title='bbox 615 1869 862 1952; x_wconf 86' lang='grc' dir='ltr'>Χριστός.</span> <span class='ocrx_word' id='word_1_90' title='bbox 899 1868 1167 1938; x_wconf 65' lang='grc' dir='ltr'>’Ἕκαστος</span> <span class='ocrx_word' id='word_1_91' title='bbox 1193 1869 1248 1931; x_wconf 81' lang='grc' dir='ltr'>δὲ</span> <span class='ocrx_word' id='word_1_92' title='bbox 1277 1904 1355 1915; x_wconf 92' lang='lat'><em>-</em></span> <span class='ocrx_word' id='word_1_93' title='bbox 1383 1880 1500 1938; x_wconf 84' lang='grc' dir='ltr'>πῶς</span> <span class='ocrx_word' id='word_1_94' title='bbox 1530 1873 1884 1950; x_wconf 79' lang='grc' dir='ltr'>ἐποικοδομεῖ.</span> <span class='ocrx_word' id='word_1_95' title='bbox 1921 1875 1966 1931; x_wconf 84' lang='grc' dir='ltr'>εἰ</span> <span class='ocrx_word' id='word_1_96' title='bbox 1995 1871 2092 1954; x_wconf 80' lang='grc' dir='ltr'>γάρ</span> <span class='ocrx_word' id='word_1_97' title='bbox 2126 1896 2204 1939; x_wconf 86' lang='grc' dir='ltr'>τις</span> <span class='ocrx_word' id='word_1_98' title='bbox 2238 1873 2470 1932; x_wconf 85' lang='grc' dir='ltr'>ἐποικοδ.</span> <span class='ocrx_word' id='word_1_99' title='bbox 2504 1874 2624 1931; x_wconf 85' lang='grc' dir='ltr'>κτλ.</span> 
     </span>
    </p>

    <p class='ocr_par' dir='ltr' id='par_1_4' title="bbox 608 1977 2748 2593">
     <span class='ocr_line' id='line_1_12' title="bbox 694 1977 2748 2057; baseline 0 -18"><span class='ocrx_word' id='word_1_100' title='bbox 694 1978 1026 2039; x_wconf 87' lang='lat' dir='ltr'><strong>Addamus</strong></span> <span class='ocrx_word' id='word_1_101' title='bbox 1055 1979 1122 2038; x_wconf 90' lang='lat' dir='ltr'>in</span> <span class='ocrx_word' id='word_1_102' title='bbox 1153 1984 1451 2040; x_wconf 84' lang='lat' dir='ltr'>contextu</span> <span class='ocrx_word' id='word_1_103' title='bbox 1488 1995 1809 2057; x_wconf 87' lang='lat' dir='ltr'><strong>nusquam</strong></span> <span class='ocrx_word' id='word_1_104' title='bbox 1838 1995 2203 2040; x_wconf 88' lang='lat' dir='ltr'>sermonem</span> <span class='ocrx_word' id='word_1_105' title='bbox 2238 1996 2376 2040; x_wconf 89' lang='lat' dir='ltr'>esse</span> <span class='ocrx_word' id='word_1_106' title='bbox 2404 1977 2484 2039; x_wconf 90' lang='lat' dir='ltr'>de</span> <span class='ocrx_word' id='word_1_107' title='bbox 2515 1978 2748 2039; x_wconf 81' lang='lat' dir='ltr'>funda·-</span> 
     </span>
     <span class='ocr_line' id='line_1_13' title="bbox 614 2083 2741 2165; baseline 0 -20"><span class='ocrx_word' id='word_1_108' title='bbox 614 2092 831 2146; x_wconf 86' lang='lat' dir='ltr'>mento</span> <span class='ocrx_word' id='word_1_109' title='bbox 856 2084 1178 2162; x_wconf 79' lang='lat' dir='ltr'>subjectivo</span> <span class='ocrx_word' id='word_1_110' title='bbox 1210 2086 1279 2145; x_wconf 92' lang='lat' dir='ltr'>iu</span> <span class='ocrx_word' id='word_1_111' title='bbox 1308 2083 1549 2145; x_wconf 88' lang='lat' dir='ltr'>animis</span> <span class='ocrx_word' id='word_1_112' title='bbox 1582 2084 1881 2163; x_wconf 89' lang='lat' dir='ltr'>ponendo</span> <span class='ocrx_word' id='word_1_113' title='bbox 1908 2083 2028 2165; x_wconf 91' lang='lat' dir='ltr'>(sic</span> <span class='ocrx_word' id='word_1_114' title='bbox 2060 2083 2305 2164; x_wconf 82' lang='lat' dir='ltr'>Godet),</span> <span class='ocrx_word' id='word_1_115' title='bbox 2338 2092 2452 2147; x_wconf 88' lang='lat' dir='ltr'>aut</span> <span class='ocrx_word' id='word_1_116' title='bbox 2483 2085 2561 2147; x_wconf 89' lang='lat' dir='ltr'>de</span> <span class='ocrx_word' id='word_1_117' title='bbox 2590 2085 2741 2146; x_wconf 86' lang='lat' dir='ltr'>fun-</span> 
     </span>
     <span class='ocr_line' id='line_1_14' title="bbox 611 2190 2735 2271; baseline -0.001 -20"><span class='ocrx_word' id='word_1_118' title='bbox 611 2190 843 2253; x_wconf 90' lang='lat' dir='ltr'>damen</span> <span class='ocrx_word' id='word_1_119' title='bbox 854 2200 911 2254; x_wconf 86' lang='lat' dir='ltr'>to</span> <span class='ocrx_word' id='word_1_120' title='bbox 932 2190 1216 2269; x_wconf 76' lang='lat' dir='ltr'>objectiva</span> <span class='ocrx_word' id='word_1_121' title='bbox 1239 2211 1254 2253; x_wconf 73' lang='grc' dir='ltr'><strong><em>ε</em></strong></span> <span class='ocrx_word' id='word_1_122' title='bbox 1277 2214 1305 2247; x_wconf 72' lang='grc' dir='ltr'>α</span> <span class='ocrx_word' id='word_1_123' title='bbox 1324 2190 1608 2255; x_wconf 85' lang='lat' dir='ltr'>welches</span> <span class='ocrx_word' id='word_1_124' title='bbox 1626 2191 1729 2253; x_wconf 80' lang='lat' dir='ltr'>fiir</span> <span class='ocrx_word' id='word_1_125' title='bbox 1741 2191 1845 2252; x_wconf 90' lang='lat' dir='ltr'>die</span> <span class='ocrx_word' id='word_1_126' title='bbox 1862 2209 2061 2269; x_wconf 89' lang='lat' dir='ltr'>ganze</span> <span class='ocrx_word' id='word_1_127' title='bbox 2082 2191 2694 2271; x_wconf 87' lang='lat' dir='ltr'>Christenheitliegt</span> <span class='ocrx_word' id='word_1_128' title='bbox 2708 2216 2735 2248; x_wconf 68' lang='lat' dir='ltr'><strong>n</strong></span> 
     </span>
     <span class='ocr_line' id='line_1_15' title="bbox 608 2283 2746 2378; baseline 0 -17"><span class='ocrx_word' id='word_1_129' title='bbox 608 2296 891 2378; x_wconf 79' lang='lat' dir='ltr'>(Meyer).</span> <span class='ocrx_word' id='word_1_130' title='bbox 930 2298 1136 2361; x_wconf 85' lang='lat' dir='ltr'>Unice</span> <span class='ocrx_word' id='word_1_131' title='bbox 1165 2315 1238 2360; x_wconf 89' lang='lat' dir='ltr'>ac</span> <span class='ocrx_word' id='word_1_132' title='bbox 1269 2316 1444 2359; x_wconf 89' lang='lat' dir='ltr'>mere</span> <span class='ocrx_word' id='word_1_133' title='bbox 1472 2298 1550 2361; x_wconf 93' lang='lat' dir='ltr'>de</span> <span class='ocrx_word' id='word_1_134' title='bbox 1581 2298 2005 2360; x_wconf 88' lang='lat' dir='ltr'>fundamento</span> <span class='ocrx_word' id='word_1_135' title='bbox 2033 2298 2406 2362; x_wconf 79' lang='lat' dir='ltr'>Corinthiae</span> <span class='ocrx_word' id='word_1_136' title='bbox 2437 2283 2746 2362; x_wconf 85' lang='lat' dir='ltr'>ecclesiae</span> 
     </span>
     <span class='ocr_line' id='line_1_16' title="bbox 610 2404 2741 2486; baseline 0.001 -20"><span class='ocrx_word' id='word_1_137' title='bbox 610 2405 862 2483; x_wconf 82' lang='lat' dir='ltr'>agitur3</span> <span class='ocrx_word' id='word_1_138' title='bbox 909 2404 1187 2485; x_wconf 88' lang='lat' dir='ltr'>illaeque</span> <span class='ocrx_word' id='word_1_139' title='bbox 1227 2405 1305 2466; x_wconf 92' lang='lat' dir='ltr'>de</span> <span class='ocrx_word' id='word_1_140' title='bbox 1358 2428 1385 2461; x_wconf 79' lang='grc' dir='ltr'>ι</span> <span class='ocrx_word' id='word_1_141' title='bbox 1433 2405 1747 2485; x_wconf 87' lang='lat' dir='ltr'>objectivo</span> <span class='ocrx_word' id='word_1_142' title='bbox 1792 2428 1822 2460; x_wconf 88' lang='lat'>»</span> <span class='ocrx_word' id='word_1_143' title='bbox 1862 2413 1924 2467; x_wconf 88' lang='lat' dir='ltr'>et</span> <span class='ocrx_word' id='word_1_144' title='bbox 1963 2431 1988 2458; x_wconf 74' lang='grc' dir='ltr'><em>α</em></span> <span class='ocrx_word' id='word_1_145' title='bbox 2024 2406 2374 2486; x_wconf 87' lang='lat' dir='ltr'>subjectivo</span> <span class='ocrx_word' id='word_1_146' title='bbox 2413 2432 2437 2459; x_wconf 85' lang='lat'><strong>»</strong></span> <span class='ocrx_word' id='word_1_147' title='bbox 2477 2412 2741 2468; x_wconf 86' lang='lat' dir='ltr'>contro-</span> 
     </span>
     <span class='ocr_line' id='line_1_17' title="bbox 610 2511 2732 2593; baseline 0 -21"><span class='ocrx_word' id='word_1_148' title='bbox 610 2511 856 2573; x_wconf 90' lang='lat' dir='ltr'>versiae</span> <span class='ocrx_word' id='word_1_149' title='bbox 886 2512 1154 2573; x_wconf 89' lang='lat' dir='ltr'>omnino</span> <span class='ocrx_word' id='word_1_150' title='bbox 1181 2512 1683 2591; x_wconf 83' lang='lat' dir='ltr'>incongruentes</span> <span class='ocrx_word' id='word_1_151' title='bbox 1713 2521 1865 2574; x_wconf 86' lang='lat' dir='ltr'>sunt</span> <span class='ocrx_word' id='word_1_152' title='bbox 1894 2519 1955 2574; x_wconf 86' lang='lat' dir='ltr'>et</span> <span class='ocrx_word' id='word_1_153' title='bbox 1988 2529 2248 2591; x_wconf 91' lang='lat' dir='ltr'>prorsus</span> <span class='ocrx_word' id='word_1_154' title='bbox 2279 2530 2732 2593; x_wconf 88' lang='lat' dir='ltr'>supervacuae.</span> 
     </span>
    </p>
   </div>
   <div class='ocr_carea' id='block_1_3' title="bbox 1528 2726 1817 2803">
    <p class='ocr_par' dir='ltr' id='par_1_5' title="bbox 1528 2726 1817 2803">
     <span class='ocr_line' id='line_1_18' title="bbox 1528 2726 1817 2803; baseline 0 -14"><span class='ocrx_word' id='word_1_155' title='bbox 1528 2729 1667 2803; x_wconf 90' lang='lat' dir='ltr'>III,</span> <span class='ocrx_word' id='word_1_156' title='bbox 1721 2726 1817 2789; x_wconf 87' lang='lat'>13.</span> 
     </span>
    </p>
   </div>
   <div class='ocr_carea' id='block_1_4' title="bbox 601 2940 2737 4415">
    <p class='ocr_par' dir='ltr' id='par_1_6' title="bbox 602 2940 2737 3559">
     <span class='ocr_line' id='line_1_19' title="bbox 686 2940 2736 3021; baseline -0.001 -18"><span class='ocrx_word' id='word_1_157' title='bbox 686 2946 893 3021; x_wconf 82' lang='lat' dir='ltr'>Aegre</span> <span class='ocrx_word' id='word_1_158' title='bbox 927 2952 1097 3004; x_wconf 88' lang='lat' dir='ltr'>caret</span> <span class='ocrx_word' id='word_1_159' title='bbox 1131 2942 1559 3003; x_wconf 75' lang='grc' dir='ltr'>ἀποκαλύπτεται</span> <span class='ocrx_word' id='word_1_160' title='bbox 1588 2958 1703 3003; x_wconf 90' lang='lat' dir='ltr'>suo</span> <span class='ocrx_word' id='word_1_161' title='bbox 1747 2943 2177 3016; x_wconf 89' lang='lat' dir='ltr'>nominativo,</span> <span class='ocrx_word' id='word_1_162' title='bbox 2215 2942 2284 3003; x_wconf 88' lang='lat' dir='ltr'>ni</span> <span class='ocrx_word' id='word_1_163' title='bbox 2317 2940 2526 3004; x_wconf 86' lang='lat' dir='ltr'>fallor.</span> <span class='ocrx_word' id='word_1_164' title='bbox 2565 2942 2736 3003; x_wconf 92' lang='lat' dir='ltr'>Nam</span> 
     </span>
     <span class='ocr_line' id='line_1_20' title="bbox 605 3047 2734 3131; baseline -0.001 -23"><span class='ocrx_word' id='word_1_165' title='bbox 605 3047 782 3125; x_wconf 90' lang='lat' dir='ltr'>licet,</span> <span class='ocrx_word' id='word_1_166' title='bbox 817 3049 1005 3111; x_wconf 78' lang='lat' dir='ltr'>Godet</span> <span class='ocrx_word' id='word_1_167' title='bbox 1050 3059 1339 3124; x_wconf 87' lang='lat' dir='ltr'>auctore,</span> <span class='ocrx_word' id='word_1_168' title='bbox 1378 3066 1745 3110; x_wconf 88' lang='lat' dir='ltr'>asseverare</span> <span class='ocrx_word' id='word_1_169' title='bbox 1796 3066 2004 3127; x_wconf 87' lang='lat' dir='ltr'>neque</span> <span class='ocrx_word' id='word_1_170' title='bbox 2051 3048 2258 3131; x_wconf 82' lang='grc' dir='ltr'>ἡμέρα,</span> <span class='ocrx_word' id='word_1_171' title='bbox 2295 3066 2505 3126; x_wconf 88' lang='lat' dir='ltr'>neque</span> <span class='ocrx_word' id='word_1_172' title='bbox 2551 3048 2734 3131; x_wconf 81' lang='grc' dir='ltr'>ἔργον,</span> 
     </span>
     <span class='ocr_line' id='line_1_21' title="bbox 606 3154 2737 3239; baseline 0 -25"><span class='ocrx_word' id='word_1_173' title='bbox 606 3174 816 3235; x_wconf 87' lang='lat' dir='ltr'>neque</span> <span class='ocrx_word' id='word_1_174' title='bbox 853 3154 1080 3239; x_wconf 82' lang='grc' dir='ltr'>Χριστός</span> <span class='ocrx_word' id='word_1_175' title='bbox 1124 3174 1236 3236; x_wconf 92' lang='lat' dir='ltr'>pro</span> <span class='ocrx_word' id='word_1_176' title='bbox 1278 3156 1392 3218; x_wconf 88' lang='lat' dir='ltr'>illo</span> <span class='ocrx_word' id='word_1_177' title='bbox 1434 3156 1683 3217; x_wconf 78' lang='lat' dir='ltr'>absenti</span> <span class='ocrx_word' id='word_1_178' title='bbox 1728 3157 2013 3235; x_wconf 89' lang='lat' dir='ltr'>subjecto</span> <span class='ocrx_word' id='word_1_179' title='bbox 2057 3156 2281 3217; x_wconf 90' lang='lat' dir='ltr'>haberi</span> <span class='ocrx_word' id='word_1_180' title='bbox 2328 3172 2530 3235; x_wconf 84' lang='lat' dir='ltr'>posse.</span> <span class='ocrx_word' id='word_1_181' title='bbox 2570 3155 2737 3216; x_wconf 91' lang='lat' dir='ltr'>Mihi</span> 
     </span>
     <span class='ocr_line' id='line_1_22' title="bbox 604 3263 2736 3344; baseline 0 -21"><span class='ocrx_word' id='word_1_182' title='bbox 604 3273 819 3326; x_wconf 87' lang='lat' dir='ltr'>autem</span> <span class='ocrx_word' id='word_1_183' title='bbox 853 3265 1034 3326; x_wconf 87' lang='lat' dir='ltr'>valde</span> <span class='ocrx_word' id='word_1_184' title='bbox 1065 3265 1376 3344; x_wconf 89' lang='lat' dir='ltr'>displicet,</span> <span class='ocrx_word' id='word_1_185' title='bbox 1406 3281 1754 3342; x_wconf 88' lang='lat' dir='ltr'>vereorque</span> <span class='ocrx_word' id='word_1_186' title='bbox 1779 3282 1861 3325; x_wconf 92' lang='lat' dir='ltr'>ne</span> <span class='ocrx_word' id='word_1_187' title='bbox 1883 3263 2110 3324; x_wconf 87' lang='lat' dir='ltr'>multis</span> <span class='ocrx_word' id='word_1_188' title='bbox 2140 3263 2474 3342; x_wconf 82' lang='lat' dir='ltr'>displiceat</span> <span class='ocrx_word' id='word_1_189' title='bbox 2500 3264 2736 3344; x_wconf 87' lang='lat' dir='ltr'>imper-</span> 
     </span>
     <span class='ocr_line' id='line_1_23' title="bbox 602 3371 2736 3453; baseline 0 -21"><span class='ocrx_word' id='word_1_190' title='bbox 602 3372 838 3434; x_wconf 83' lang='lat' dir='ltr'>sonalis</span> <span class='ocrx_word' id='word_1_191' title='bbox 890 3392 1043 3435; x_wconf 89' lang='lat' dir='ltr'>usus</span> <span class='ocrx_word' id='word_1_192' title='bbox 1083 3373 1194 3434; x_wconf 86' lang='lat' dir='ltr'>ille</span> <span class='ocrx_word' id='word_1_193' title='bbox 1239 3391 1431 3453; x_wconf 87' lang='lat' dir='ltr'>quem</span> <span class='ocrx_word' id='word_1_194' title='bbox 1469 3371 1658 3433; x_wconf 84' lang='lat' dir='ltr'>Godet</span> <span class='ocrx_word' id='word_1_195' title='bbox 1697 3389 2006 3449; x_wconf 89' lang='lat' dir='ltr'>usurpare</span> <span class='ocrx_word' id='word_1_196' title='bbox 2046 3372 2240 3450; x_wconf 85' lang='lat' dir='ltr'>cupit.</span> <span class='ocrx_word' id='word_1_197' title='bbox 2282 3372 2736 3450; x_wconf 84' lang='lat' dir='ltr'>Transponere</span> 
     </span>
     <span class='ocr_line' id='line_1_24' title="bbox 603 3479 1625 3559; baseline 0 -19"><span class='ocrx_word' id='word_1_198' title='bbox 603 3479 827 3540; x_wconf 87' lang='lat' dir='ltr'>malim</span> <span class='ocrx_word' id='word_1_199' title='bbox 865 3480 1351 3559; x_wconf 81' lang='lat' dir='ltr'>parenthesibus</span> <span class='ocrx_word' id='word_1_200' title='bbox 1390 3489 1576 3541; x_wconf 84' lang='lat' dir='ltr'>utens</span> <span class='ocrx_word' id='word_1_201' title='bbox 1611 3501 1625 3540; x_wconf 90' lang='lat'>:</span> 
     </span>
    </p>

    <p class='ocr_par' dir='ltr' id='par_1_7' title="bbox 601 3584 2735 3880">
     <span class='ocr_line' id='line_1_25' title="bbox 690 3584 2735 3669; baseline -0.001 -22"><span class='ocrx_word' id='word_1_202' title='bbox 690 3584 957 3648; x_wconf 84' lang='grc' dir='ltr'>Ἕκάστου</span> <span class='ocrx_word' id='word_1_203' title='bbox 1005 3586 1067 3646; x_wconf 81' lang='grc' dir='ltr'>τὸ</span> <span class='ocrx_word' id='word_1_204' title='bbox 1110 3586 1255 3668; x_wconf 81' lang='grc' dir='ltr'>ἔργον</span> <span class='ocrx_word' id='word_1_205' title='bbox 1295 3587 1511 3669; x_wconf 81' lang='grc' dir='ltr'>φανερὸν</span> <span class='ocrx_word' id='word_1_206' title='bbox 1550 3585 1827 3664; x_wconf 79' lang='grc' dir='ltr'>γενήσεται</span> <span class='ocrx_word' id='word_1_207' title='bbox 1868 3587 1921 3663; x_wconf 80' lang='grc' dir='ltr'>(ἡ</span> <span class='ocrx_word' id='word_1_208' title='bbox 1958 3584 2058 3667; x_wconf 79' lang='grc' dir='ltr'>γὰρ</span> <span class='ocrx_word' id='word_1_209' title='bbox 2102 3584 2273 3667; x_wconf 84' lang='grc' dir='ltr'>ἡμέρα</span> <span class='ocrx_word' id='word_1_210' title='bbox 2317 3584 2605 3664; x_wconf 82' lang='grc' dir='ltr'>δηλώσει),</span> <span class='ocrx_word' id='word_1_211' title='bbox 2644 3585 2735 3645; x_wconf 90' lang='grc' dir='ltr'>καὶ</span> 
     </span>
     <span class='ocr_line' id='line_1_26' title="bbox 601 3690 2734 3776; baseline 0 -25"><span class='ocrx_word' id='word_1_212' title='bbox 601 3693 823 3753; x_wconf 82' lang='grc' dir='ltr'>ἑκάστου</span> <span class='ocrx_word' id='word_1_213' title='bbox 857 3693 919 3753; x_wconf 80' lang='grc' dir='ltr'>τὸ</span> <span class='ocrx_word' id='word_1_214' title='bbox 950 3694 1095 3776; x_wconf 85' lang='grc' dir='ltr'>ἔργον</span> <span class='ocrx_word' id='word_1_215' title='bbox 1138 3694 1198 3753; x_wconf 88' lang='grc' dir='ltr'>τὸ</span> <span class='ocrx_word' id='word_1_216' title='bbox 1228 3705 1331 3775; x_wconf 83' lang='grc' dir='ltr'>πῦρ</span> <span class='ocrx_word' id='word_1_217' title='bbox 1373 3692 1646 3771; x_wconf 80' lang='grc' dir='ltr'>δοκιμάσει</span> <span class='ocrx_word' id='word_1_218' title='bbox 1677 3691 1781 3772; x_wconf 79' lang='grc' dir='ltr'>(ὅτι</span> <span class='ocrx_word' id='word_1_219' title='bbox 1822 3693 1874 3751; x_wconf 85' lang='grc' dir='ltr'>ἐν</span> <span class='ocrx_word' id='word_1_220' title='bbox 1919 3692 2040 3774; x_wconf 81' lang='grc' dir='ltr'>πυρὶ</span> <span class='ocrx_word' id='word_1_221' title='bbox 2087 3690 2513 3752; x_wconf 79' lang='grc' dir='ltr'>ἀποκαλύπτεται</span> <span class='ocrx_word' id='word_1_222' title='bbox 2556 3690 2734 3752; x_wconf 78' lang='grc' dir='ltr'>ὁποῖόν</span> 
     </span>
     <span class='ocr_line' id='line_1_27' title="bbox 606 3799 945 3880; baseline 0.009 -23"><span class='ocrx_word' id='word_1_223' title='bbox 606 3802 743 3859; x_wconf 83' lang='grc' dir='ltr'>ἐστιν</span> <span class='ocrx_word' id='word_1_224' title='bbox 772 3799 945 3880; x_wconf 82' lang='grc' dir='ltr'>αὐτό).</span> 
     </span>
    </p>

    <p class='ocr_par' dir='ltr' id='par_1_8' title="bbox 603 3907 2735 4415">
     <span class='ocr_line' id='line_1_28' title="bbox 686 3907 2735 3987; baseline 0 -20"><span class='ocrx_word' id='word_1_225' title='bbox 686 3907 932 3981; x_wconf 88' lang='lat' dir='ltr'>Quibus</span> <span class='ocrx_word' id='word_1_226' title='bbox 984 3908 1417 3987; x_wconf 80' lang='lat' dir='ltr'>transpositiS,</span> <span class='ocrx_word' id='word_1_227' title='bbox 1455 3909 1626 3969; x_wconf 87' lang='lat' dir='ltr'>inter</span> <span class='ocrx_word' id='word_1_228' title='bbox 1671 3925 1736 3968; x_wconf 90' lang='lat' dir='ltr'>se</span> <span class='ocrx_word' id='word_1_229' title='bbox 1785 3924 2010 3969; x_wconf 91' lang='lat' dir='ltr'>omnes</span> <span class='ocrx_word' id='word_1_230' title='bbox 2062 3913 2269 3986; x_wconf 89' lang='lat' dir='ltr'>partes</span> <span class='ocrx_word' id='word_1_231' title='bbox 2321 3907 2735 3968; x_wconf 88' lang='lat' dir='ltr'>consentiunt</span> 
     </span>
     <span class='ocr_line' id='line_1_29' title="bbox 606 4011 2735 4094; baseline 0.002 -21"><span class='ocrx_word' id='word_1_232' title='bbox 606 4014 1067 4091; x_wconf 87' lang='lat' dir='ltr'>neminemque</span> <span class='ocrx_word' id='word_1_233' title='bbox 1123 4014 1324 4090; x_wconf 83' lang='lat' dir='ltr'>fugiet</span> <span class='ocrx_word' id='word_1_234' title='bbox 1387 4014 1834 4094; x_wconf 82' lang='lat' dir='ltr'>symmetriam</span> <span class='ocrx_word' id='word_1_235' title='bbox 1892 4011 2387 4089; x_wconf 87' lang='lat' dir='ltr'>diligentissime</span> <span class='ocrx_word' id='word_1_236' title='bbox 2444 4031 2480 4073; x_wconf 87' lang='lat' dir='ltr'>a</span> <span class='ocrx_word' id='word_1_237' title='bbox 2532 4013 2735 4078; x_wconf 91' lang='lat' dir='ltr'>Paulo</span> 
     </span>
     <span class='ocr_line' id='line_1_30' title="bbox 604 4118 2730 4202; baseline 0.001 -22"><span class='ocrx_word' id='word_1_238' title='bbox 604 4138 740 4181; x_wconf 89' lang='lat' dir='ltr'>esse</span> <span class='ocrx_word' id='word_1_239' title='bbox 776 4121 1176 4182; x_wconf 82' lang='lat' dir='ltr'>custoditam.</span> <span class='ocrx_word' id='word_1_240' title='bbox 1214 4120 1668 4199; x_wconf 78' lang='lat' dir='ltr'>conjunctioni</span> <span class='ocrx_word' id='word_1_241' title='bbox 1699 4121 1799 4202; x_wconf 83' lang='grc' dir='ltr'>γάρ</span> <span class='ocrx_word' id='word_1_242' title='bbox 1838 4118 2172 4198; x_wconf 88' lang='lat' dir='ltr'>respondet</span> <span class='ocrx_word' id='word_1_243' title='bbox 2205 4121 2577 4199; x_wconf 88' lang='lat' dir='ltr'>conjunctio</span> <span class='ocrx_word' id='word_1_244' title='bbox 2605 4120 2684 4183; x_wconf 82' lang='grc' dir='ltr'>ὅτι</span> <span class='ocrx_word' id='word_1_245' title='bbox 2713 4149 2730 4197; x_wconf 88' lang='lat'>;</span> 
     </span>
     <span class='ocr_line' id='line_1_31' title="bbox 603 4225 2732 4311; baseline 0 -23"><span class='ocrx_word' id='word_1_246' title='bbox 603 4247 674 4289; x_wconf 89' lang='lat' dir='ltr'>ac</span> <span class='ocrx_word' id='word_1_247' title='bbox 698 4229 828 4290; x_wconf 91' lang='lat' dir='ltr'>duo</span> <span class='ocrx_word' id='word_1_248' title='bbox 860 4228 1147 4289; x_wconf 88' lang='lat' dir='ltr'>membra</span> <span class='ocrx_word' id='word_1_249' title='bbox 1179 4229 1360 4306; x_wconf 87' lang='lat' dir='ltr'>quasi</span> <span class='ocrx_word' id='word_1_250' title='bbox 1392 4227 1843 4305; x_wconf 87' lang='lat' dir='ltr'>explicationes</span> <span class='ocrx_word' id='word_1_251' title='bbox 1878 4244 1984 4305; x_wconf 91' lang='lat' dir='ltr'>per</span> <span class='ocrx_word' id='word_1_252' title='bbox 2016 4225 2179 4287; x_wconf 83' lang='lat' dir='ltr'>illud</span> <span class='ocrx_word' id='word_1_253' title='bbox 2206 4226 2286 4285; x_wconf 83' lang='grc' dir='ltr'>ὅτι</span> <span class='ocrx_word' id='word_1_254' title='bbox 2310 4225 2607 4306; x_wconf 88' lang='lat' dir='ltr'>illudque</span> <span class='ocrx_word' id='word_1_255' title='bbox 2631 4229 2732 4311; x_wconf 82' lang='grc' dir='ltr'>γάρ</span> 
     </span>
     <span class='ocr_line' id='line_1_32' title="bbox 603 4336 2735 4415; baseline 0 -16"><span class='ocrx_word' id='word_1_256' title='bbox 603 4355 750 4399; x_wconf 90' lang='lat' dir='ltr'>cum</span> <span class='ocrx_word' id='word_1_257' title='bbox 811 4336 1058 4399; x_wconf 91' lang='lat' dir='ltr'>duobus</span> <span class='ocrx_word' id='word_1_258' title='bbox 1117 4336 1424 4397; x_wconf 89' lang='lat' dir='ltr'>membris</span> <span class='ocrx_word' id='word_1_259' title='bbox 1480 4337 1999 4414; x_wconf 75' lang='lat' dir='ltr'>conjunguntur,</span> <span class='ocrx_word' id='word_1_260' title='bbox 2055 4349 2331 4413; x_wconf 87' lang='lat' dir='ltr'>quorum</span> <span class='ocrx_word' id='word_1_261' title='bbox 2390 4344 2735 4415; x_wconf 87' lang='lat' dir='ltr'>utrumque</span> 
     </span>
    </p>
   </div>
  </div>
 </body>
</html>
