3559 5609
1615 847 1745 910 vn,
1784 847 1954 898 25-38.
2548 922 2564 947 Ι
2796 845 2855 895 83

798 966 1127 1029 Sudavere
1172 965 1329 1027 satis
1379 970 1918 1027 commentatores
1965 963 2037 1024 in
2099 982 2158 1023 v,
2222 962 2296 1022 26
2352 962 2851 1040 interpretando.

720 1075 806 1134 De
849 1068 1035 1141 Wette
1064 1071 1403 1151 explicatio
1431 1088 1632 1151 quam
1661 1071 1959 1151 sequitur
1985 1068 2194 1146 Goda,
2228 1070 2379 1133 aliis
2409 1070 2857 1149 explicationi-

597 1165 603 1171 ’
717 1180 841 1241 hus
874 1179 1059 1241 duris
1103 1195 1235 1241 non
1281 1185 1376 1241 est
1407 1178 1850 1258 praeferenda.
1891 1178 2152 1239 Etenim
2180 1194 2300 1239 nec
2338 1196 2398 1241 v,
2435 1183 2589 1238 τοῦτο
2627 1195 2747 1240 nec
2792 1196 2852 1239 v.

716 1285 882 1354 οὕτως
922 1285 1323 1364 virginitatis
1366 1270 1662 1347 habitum
1703 1285 2047 1364 designare
2096 1292 2387 1364 possunt.
2436 1286 2536 1347 Ad
2592 1291 2853 1348 senten-

713 1392 874 1454 tiam
903 1409 1103 1472 quam
1133 1392 1203 1453 in
1236 1392 1503 1475 παρθένων
1530 1391 1727 1477 latere
1760 1391 2004 1453 dicitur
2036 1392 2151 1455 illa
2180 1412 2237 1453 v.
2276 1392 2513 1455 referre
2544 1409 2680 1455 non
2707 1392 2862 1455 licet

718 1504 815 1573 (eo
854 1498 1082 1559 minus
1123 1500 1299 1577 quod
1331 1497 1599 1582 παρθένων
1629 1500 1822 1561 modo
1853 1500 1929 1561 ad
1970 1499 2370 1561 femininum
2401 1516 2629 1562 sexum
2660 1500 2859 1579 perti·

714 1612 860 1683 net,
894 1606 1053 1667 dum
1083 1605 1156 1665 in
1185 1625 1245 1666 v.
1281 1606 1464 1667 26-27
1496 1607 1576 1669 de
1604 1606 1782 1668 virili
1816 1623 1973 1669 sexu
2011 1608 2276 1685 agitur).
2311 1608 2661 1686 Restatque
2692 1623 2858 1669 sem-

709 1730 823 1791 per
854 1713 1027 1792 quod
1059 1712 1335 1791 frigida,
1370 1713 1683 1793 impedita
1704 1762 1718 1790 ,
1754 1700 2040 1777 tortuosa
2072 1715 2378 1794 periodus
2409 1721 2528 1778 est.
2561 1716 2848 1795 Repone‚

709 1835 974 1899 quaese,
997 1826 1317 1898 punctum
1339 1826 1451 1882 aut
1468 1827 1787 1900 punctum
1815 1826 2154 1884 summum
2173 1827 2314 1902 post
2334 1819 2587 1902 ἀνάγκην.
2616 1845 2645 1877 α
2667 1820 2851 1883 Exis-

709 1926 869 1989 timo
905 1942 1056 2004 ergo
1094 1926 1218 1989 hoc
1250 1925 1439 2007 (quid
1460 1928 1489 1988 ?
1529 1929 1704 2008 quod
1735 1927 1808 1988 in
1848 1945 1923 1991 eo
1958 1935 2053 1991 est
2084 1935 2157 1990 ut
2193 1928 2386 2010 dicat)
2419 1928 2668 1991 bonum
2696 1924 2853 2018 'esse

710 2039 965 2113 propter
989 2034 1346 2096 instantem
1377 2035 1827 2098 necessitatem
1858 2060 1872 2097 z
1903 2052 2056 2098 cum
2079 2034 2174 2117 (1)
2201 2035 2452 2098 honum
2479 2036 2564 2098 sit
2591 2033 2851 2098 homiui

709 2139 803 2202 sic
837 2157 977 2203 esse
1019 2138 1423 2220 (quomodo?
1467 2141 1539 2203 in
1584 2142 1959 2206 conditione
1990 2141 2131 2205 scil.
2166 2143 2239 2203 in
2278 2161 2409 2223 qua
2448 2149 2745 2206 versatur
2772 2176 2851 2186 —

710 2265 769 2308 v.
796 2246 898 2324 20,
923 2247 1051 2327 24),
1074 2247 1380 2327 alligatus
1405 2265 1474 2311 es
1503 2251 1584 2312 ad
1610 2267 1880 2313 uxorem
1898 2251 1927 2311 ?
1951 2249 2091 2312 noli
2115 2266 2425 2329 quaerere
2455 2249 2850 2313 solutionem

709 2361 880 2417 etc...
932 2378 962 2410 »
1012 2356 1413 2418 Praestiterit
1452 2357 1722 2420 fortasse
1757 2364 2073 2437 punctum
2123 2364 2263 2437 post
2302 2357 2553 2441 ὑπάρχειν
2589 2346 2850 2420 exarare

708 2479 783 2523 ac
812 2462 1093 2524 Scribere
1136 2487 1148 2522 z
1196 2463 1391 2543 νομίζω
1431 2497 1514 2511 -
1545 2465 1818 2548 ὑπάρχειν.
1859 2463 1960 2524 Διὰ
2000 2463 2104 2544 τὴν
2141 2468 2435 2526 ἐνεστῶσαν
2469 2463 2726 2545 ἀνάγκην,
2767 2462 2848 2523 ὅτι

708 2570 870 2631 καλὸν
896 2605 975 2615 -
1003 2562 1155 2647 εἶναι,
1189 2571 1468 2634 δέδεσαι...
1495 2609 1573 2618 -
1594 2573 1664 2635 Si
1696 2593 1757 2635 v.
1784 2573 1860 2634 40
1888 2598 1901 2634 t
1928 2572 2019 2634 ἐὰν
2042 2572 2207 2642 οὕτως
2229 2573 2380 2656 μείνῃ
2396 2573 2671 2650 confers,
2701 2588 2845 2635 con·

701 2679 903 2760 jicere
936 2680 1145 2758 possis
1173 2681 1457 2743 Paulum
1483 2681 1649 2750 οὕτως
1680 2687 1855 2762 μεῖναι
1882 2683 2137 2744 dedisse
2166 2683 2236 2743 in
2270 2688 2487 2744 nostro
2518 2701 2577 2742 v.
2605 2681 2706 2741 26.
2743 2681 2845 2742 In-

708 2786 1073 2866 frequentia
1114 2787 1317 2868 hujus
1362 2788 1551 2849 infin.
1599 2805 1796 2850 causa
1846 2788 2044 2850 fuerit
2088 2805 2206 2850 cur
2257 2787 2469 2851 littera
2516 2813 2557 2868 μ
2605 2787 2848 2849 omissa

706 2892 924 2955 fuerit.
967 2895 1269 2955 Attamen
1317 2894 1477 2956 haec
1525 2895 1835 2957 correctio
1881 2892 2052 2955 1111111
2097 2895 2448 2957 necessarii
2500 2894 2714 2956 habet.
2770 2925 2848 2939 -

710 3002 948 3080 Reipsa
987 3007 1057 3062 ut
1096 3018 1213 3079 ego
1237 3049 1251 3076 ‚
1300 3001 1394 3064 sic
1444 2999 1638 3064 Godet
1677 3001 1739 3061 τὸ
1777 3000 1944 3068 οὕτως
1993 3001 2473 3080 interpretatur.
2529 3025 2560 3058 «
2600 3001 2688 3063 Le
2721 3006 2847 3062 ecre

705 3108 870 3172 ainsi
887 3109 1156 3187 designe
1185 3108 1356 3171 l’etat
1384 3109 1547 3170 dans
1575 3107 1792 3187 lequel
1819 3107 2131 3171 l’homme
2159 3125 2227 3171 se
2249 3115 2474 3171 trouve
2506 3105 2845 3170 naturelle-

705 3223 906 3280 ment.
944 3239 974 3272 »
1007 3217 1189 3290 Quae
1221 3215 1661 3296 interpretatio
1693 3215 2166 3293 significationi
2196 3218 2373 3278 vocis
2406 3215 2571 3284 οὕτως
2611 3213 2683 3276 111
2713 3211 2848 3277 fere

706 3324 1014 3386 omnihus
1054 3324 1198 3403 ejus
1253 3340 1391 3404 cap.
1434 3322 1596 3385 locis
1645 3322 1717 3382 in
1760 3322 2005 3401 quibus
2057 3322 2404 3386 adhibetur
2453 3321 2543 3403 (v,
2598 3322 2668 3383 17
2697 3370 2711 3397 ,
2768 3320 2843 3385 36

707 3431 875 3511 (vide
903 3448 1070 3511 quae
1099 3432 1181 3493 ad
1209 3430 1277 3492 h.
1311 3430 1353 3491 l.
1388 3430 1719 3507 dicimus),
1754 3427 1859 3510 40)
1888 3431 2214 3493 convenit.
2854 3414 2864 3421 ’

784 3541 868 3603 V.
916 3539 989 3602 29
1042 3538 1285 3601 multae
1335 3544 1486 3601 sunt
1535 3537 1752 3599 variae
1802 3535 2131 3600 lectiones.
2186 3539 2444 3612 Quibus
2498 3535 2848 3661 perspectis

705 3663 1018 3709 conemur
1045 3663 1264 3709 veram
1298 3644 1488 3706 Pauli
1520 3661 1794 3705 manum
1825 3645 2157 3723 reperire:

702 3762 752 3818 δῖ
778 3755 837 3816 A
867 3755 921 3817 B
952 3756 1006 3816 P
1046 3753 1293 3838 ἀδελφοί,
1325 3757 1354 3813 ὀ
1381 3752 1559 3835 καιρὸς
1586 3750 1996 3830 συνεσταλμένος
2030 3751 2147 3811 ἐστὶ
2177 3752 2239 3812 τὸ
2272 3750 2452 3812 λοιπὸν
2484 3748 2569 3812 ἵνα

828 3863 889 3924 Κ
920 3864 969 3924 L
1050 3860 1294 3943 ἀδελφοί,
1322 3866 1350 3920 ὁ
1373 3860 1551 3942 καιρὸς
1582 3857 1995 3937 συνεσταλμένος
2017 3858 2080 3917 τὸ
2099 3857 2280 3919 λοιπόν
2309 3862 2449 3919 ἐστιν
2471 3858 2556 3919 ἵνα

872 3971 930 4031 D
1052 3967 1267 4050 ἀδελφοί
1290 4015 1304 4042 ,
1339 3967 1420 4033 ὅτι
1448 3972 1476 4026 ὁ
1501 3967 1682 4050 καιρὸς
1714 3964 2125 4045 συνεσταλμένος
2158 3966 2273 4026 ἐστὶ
2304 3967 2366 4026 τὸ
2392 3966 2574 4027 λοιπὸν
2600 3946 2684 4027 ἵνα

875 4078 926 4137 Ε
1048 4074 1301 4160 ἀδελφοί,
1331 4075 1410 4136 ὅτι
1445 4081 1478 4137 ὁ
1508 4075 1686 4158 καιρὸς
1718 4073 2132 4154 συνεσταλμένος
2159 4074 2221 4135 τὸ
2247 4073 2429 4135 λοιπόν
2467 4077 2607 4135 ἐστιν
2637 4073 2722 4134 ἵνα

733 4320 832 4387 ’(1)
861 4325 919 4375 τὸ
949 4325 1027 4374 ὅτι
1056 4323 1116 4371 111
1143 4317 1354 4386 protasi
1387 4319 1665 4385 reperitur
1698 4320 1795 4373 tali
1828 4333 1954 4371 cum
1987 4319 2393 4383 significatione
2423 4319 2481 4368 in
2505 4317 2650 4379 Joh„
2675 4318 2716 4382 1,
2748 4318 2802 4370 51
2828 4332 2842 4381 ;

703 4414 822 4478 XX,
852 4414 928 4465 29.
957 4440 1018 4453 -
1054 4414 1073 4464 1
1104 4412 1254 4473 Gor„
1289 4412 1354 4475 X,
1392 4411 1465 4462 17.
