<?xml version="1.0" encoding="UTF-8"?>
<!DOCTYPE html PUBLIC "-//W3C//DTD XHTML 1.0 Transitional//EN"
    "http://www.w3.org/TR/xhtml1/DTD/xhtml1-transitional.dtd">
<html xmlns="http://www.w3.org/1999/xhtml" xml:lang="en" lang="en">
 <head>
  <title>
</title>
<meta http-equiv="Content-Type" content="text/html;charset=utf-8" />
  <meta name='ocr-system' content='tesseract 3.04.00' />
  <meta name='ocr-capabilities' content='ocr_page ocr_carea ocr_par ocr_line ocrx_word'/>
</head>
<body>
  <div class='ocr_page' id='page_1' title='image "./depriorepauliad00boisgoog_0085.png"; bbox 0 0 3559 5609; ppageno 0'>
   <div class='ocr_carea' id='block_1_1' title="bbox 1676 631 1703 654">
    <p class='ocr_par' dir='ltr' id='par_1_1' title="bbox 1676 631 1703 654">
     <span class='ocr_line' id='line_1_1' title="bbox 1676 631 1703 654; baseline 0 0"><span class='ocrx_word' id='word_1_1' title='bbox 1676 631 1703 654; x_wconf 54' lang='grc' dir='ltr'><strong><em>ἡ</em></strong></span> 
     </span>
    </p>
   </div>
   <div class='ocr_carea' id='block_1_2' title="bbox 1555 815 2792 882">
    <p class='ocr_par' dir='ltr' id='par_1_2' title="bbox 1555 815 2792 882">
     <span class='ocr_line' id='line_1_2' title="bbox 1555 815 2792 882; baseline -0.001 -14"><span class='ocrx_word' id='word_1_2' title='bbox 1555 816 1686 882; x_wconf 89' lang='lat' dir='ltr'><strong>vn,</strong></span> <span class='ocrx_word' id='word_1_3' title='bbox 1724 815 1893 871; x_wconf 74' lang='lat'><strong>18-24.</strong></span> <span class='ocrx_word' id='word_1_4' title='bbox 2729 815 2792 867; x_wconf 81' lang='grc' dir='ltr'>π</span> 
     </span>
    </p>
   </div>
   <div class='ocr_carea' id='block_1_3' title="bbox 634 931 2791 3157">
    <p class='ocr_par' dir='ltr' id='par_1_3' title="bbox 634 931 2790 1238">
     <span class='ocr_line' id='line_1_3' title="bbox 660 931 2790 1015; baseline 0 -18"><span class='ocrx_word' id='word_1_5' title='bbox 660 951 913 1013; x_wconf 84' lang='lat' dir='ltr'>semper</span> <span class='ocrx_word' id='word_1_6' title='bbox 931 951 1070 997; x_wconf 87' lang='lat' dir='ltr'><strong>esse</strong></span> <span class='ocrx_word' id='word_1_7' title='bbox 1098 933 1325 996; x_wconf 88' lang='lat' dir='ltr'><strong>volunt</strong></span> <span class='ocrx_word' id='word_1_8' title='bbox 1354 934 1637 1015; x_wconf 79' lang='lat' dir='ltr'><strong>quamvis</strong></span> <span class='ocrx_word' id='word_1_9' title='bbox 1668 942 1779 996; x_wconf 92' lang='lat' dir='ltr'><strong>aut</strong></span> <span class='ocrx_word' id='word_1_10' title='bbox 1811 933 2055 996; x_wconf 74' lang='lat' dir='ltr'><strong>etiamsi</strong></span> <span class='ocrx_word' id='word_1_11' title='bbox 2074 951 2098 992; x_wconf 87' lang='grc'><strong>.·</strong></span> <span class='ocrx_word' id='word_1_12' title='bbox 2125 933 2277 996; x_wconf 89' lang='lat' dir='ltr'><strong>licet</strong></span> <span class='ocrx_word' id='word_1_13' title='bbox 2301 931 2496 996; x_wconf 89' lang='lat' dir='ltr'><strong>hodie</strong></span> <span class='ocrx_word' id='word_1_14' title='bbox 2525 931 2647 996; x_wconf 87' lang='lat' dir='ltr'><strong>hoc</strong></span> <span class='ocrx_word' id='word_1_15' title='bbox 2676 949 2790 1013; x_wconf 83' lang='lat' dir='ltr'><strong>pro</strong></span> 
     </span>
     <span class='ocr_line' id='line_1_4' title="bbox 659 1040 2788 1120; baseline -0.001 -17"><span class='ocrx_word' id='word_1_16' title='bbox 659 1041 1094 1104; x_wconf 86' lang='lat' dir='ltr'><strong>demonstrato</strong></span> <span class='ocrx_word' id='word_1_17' title='bbox 1126 1040 1382 1103; x_wconf 86' lang='lat' dir='ltr'><strong>habere.</strong></span> <span class='ocrx_word' id='word_1_18' title='bbox 1418 1075 1496 1089; x_wconf 89' lang='lat'>-</span> <span class='ocrx_word' id='word_1_19' title='bbox 1526 1042 1599 1116; x_wconf 83' lang='lat' dir='ltr'><strong>In</strong></span> <span class='ocrx_word' id='word_1_20' title='bbox 1642 1059 1699 1103; x_wconf 79' lang='grc' dir='ltr'><strong>ν.</strong></span> <span class='ocrx_word' id='word_1_21' title='bbox 1738 1042 1806 1102; x_wconf 90' lang='grc'>21</span> <span class='ocrx_word' id='word_1_22' title='bbox 1862 1048 2079 1108; x_wconf 86' lang='lat' dir='ltr'><strong>autem</strong></span> <span class='ocrx_word' id='word_1_23' title='bbox 2110 1058 2242 1103; x_wconf 89' lang='lat' dir='ltr'><strong>non</strong></span> <span class='ocrx_word' id='word_1_24' title='bbox 2276 1047 2594 1120; x_wconf 85' lang='lat' dir='ltr'><strong>punctum</strong></span> <span class='ocrx_word' id='word_1_25' title='bbox 2626 1046 2788 1103; x_wconf 85' lang='lat' dir='ltr'><strong>tem-</strong></span> 
     </span>
     <span class='ocr_line' id='line_1_5' title="bbox 634 1148 2277 1238; baseline 0 -28"><span class='ocrx_word' id='word_1_26' title='bbox 634 1148 833 1238; x_wconf 33' lang='lat' dir='ltr'><strong>·poris</strong></span> <span class='ocrx_word' id='word_1_27' title='bbox 864 1149 1092 1211; x_wconf 89' lang='lat' dir='ltr'><strong>dubito</strong></span> <span class='ocrx_word' id='word_1_28' title='bbox 1122 1148 1284 1228; x_wconf 90' lang='lat' dir='ltr'><strong>quin</strong></span> <span class='ocrx_word' id='word_1_29' title='bbox 1320 1166 1588 1212; x_wconf 85' lang='lat' dir='ltr'><strong>sensum</strong></span> <span class='ocrx_word' id='word_1_30' title='bbox 1617 1150 1676 1211; x_wconf 80' lang='lat' dir='ltr'><strong>si</strong></span> <span class='ocrx_word' id='word_1_31' title='bbox 1706 1156 1910 1211; x_wconf 81' lang='lat' dir='ltr'><strong>tamen</strong></span> <span class='ocrx_word' id='word_1_32' title='bbox 1940 1148 2277 1228; x_wconf 86' lang='lat' dir='ltr'>accipiam.</span> 
     </span>
    </p>

    <p class='ocr_par' dir='ltr' id='par_1_4' title="bbox 651 1256 2791 2621">
     <span class='ocr_line' id='line_1_6' title="bbox 738 1256 2791 1340; baseline 0.002 -24"><span class='ocrx_word' id='word_1_33' title='bbox 738 1256 924 1330; x_wconf 86' lang='lat' dir='ltr'><strong>Quod</strong></span> <span class='ocrx_word' id='word_1_34' title='bbox 958 1257 1039 1318; x_wconf 86' lang='lat' dir='ltr'><strong>ad</strong></span> <span class='ocrx_word' id='word_1_35' title='bbox 1069 1260 1271 1336; x_wconf 75' lang='grc' dir='ltr'>μᾶλλον</span> <span class='ocrx_word' id='word_1_36' title='bbox 1300 1263 1497 1340; x_wconf 80' lang='grc' dir='ltr'>χρῆσαι</span> <span class='ocrx_word' id='word_1_37' title='bbox 1544 1259 1807 1333; x_wconf 75' lang='lat' dir='ltr'><strong>attinet,</strong></span> <span class='ocrx_word' id='word_1_38' title='bbox 1850 1257 2101 1319; x_wconf 85' lang='lat' dir='ltr'><strong>nemini</strong></span> <span class='ocrx_word' id='word_1_39' title='bbox 2150 1259 2267 1337; x_wconf 85' lang='lat' dir='ltr'><strong>qui</strong></span> <span class='ocrx_word' id='word_1_40' title='bbox 2308 1264 2544 1320; x_wconf 86' lang='lat' dir='ltr'><strong>attente</strong></span> <span class='ocrx_word' id='word_1_41' title='bbox 2583 1257 2791 1337; x_wconf 88' lang='lat' dir='ltr'><strong>perle-</strong></span> 
     </span>
     <span class='ocr_line' id='line_1_7' title="bbox 659 1361 2785 1450; baseline -0 -26"><span class='ocrx_word' id='word_1_42' title='bbox 659 1363 824 1441; x_wconf 80' lang='lat' dir='ltr'><strong>gerit</strong></span> <span class='ocrx_word' id='word_1_43' title='bbox 856 1369 1094 1425; x_wconf 86' lang='lat' dir='ltr'><strong>textum</strong></span> <span class='ocrx_word' id='word_1_44' title='bbox 1118 1410 1136 1439; x_wconf 95' lang='lat'><strong>,</strong></span> <span class='ocrx_word' id='word_1_45' title='bbox 1169 1364 1517 1426; x_wconf 80' lang='lat' dir='ltr'><strong>satisfaciet</strong></span> <span class='ocrx_word' id='word_1_46' title='bbox 1549 1363 1903 1426; x_wconf 81' lang='lat' dir='ltr'><strong>subaudire</strong></span> <span class='ocrx_word' id='word_1_47' title='bbox 1930 1368 2009 1447; x_wconf 80' lang='grc' dir='ltr'><strong>τῷ</strong></span> <span class='ocrx_word' id='word_1_48' title='bbox 2039 1361 2319 1440; x_wconf 65' lang='grc' dir='ltr'>δύνασθαι,</span> <span class='ocrx_word' id='word_1_49' title='bbox 2358 1371 2470 1426; x_wconf 83' lang='lat' dir='ltr'><strong>aut</strong></span> <span class='ocrx_word' id='word_1_50' title='bbox 2502 1361 2785 1450; x_wconf 67' lang='grc' dir='ltr'>ἐλευθερίᾳ,</span> 
     </span>
     <span class='ocr_line' id='line_1_8' title="bbox 660 1469 2791 1554; baseline 0 -23"><span class='ocrx_word' id='word_1_51' title='bbox 660 1478 770 1531; x_wconf 89' lang='lat' dir='ltr'><strong>aut</strong></span> <span class='ocrx_word' id='word_1_52' title='bbox 797 1469 1026 1554; x_wconf 71' lang='grc' dir='ltr'>δουλείᾳ.</span> <span class='ocrx_word' id='word_1_53' title='bbox 1050 1470 1186 1532; x_wconf 90' lang='lat' dir='ltr'><strong>Vox</strong></span> <span class='ocrx_word' id='word_1_54' title='bbox 1214 1470 1400 1544; x_wconf 77' lang='grc' dir='ltr'>κλήσει</span> <span class='ocrx_word' id='word_1_55' title='bbox 1431 1470 1566 1533; x_wconf 89' lang='lat' dir='ltr'><strong>sola</strong></span> <span class='ocrx_word' id='word_1_56' title='bbox 1598 1477 1798 1549; x_wconf 88' lang='lat' dir='ltr'><strong>potest</strong></span> <span class='ocrx_word' id='word_1_57' title='bbox 1822 1471 2138 1550; x_wconf 87' lang='lat' dir='ltr'><strong>debetque</strong></span> <span class='ocrx_word' id='word_1_58' title='bbox 2167 1471 2453 1550; x_wconf 85' lang='lat' dir='ltr'><strong>suppleri</strong></span> <span class='ocrx_word' id='word_1_59' title='bbox 2488 1493 2503 1533; x_wconf 72' lang='grc' dir='ltr'>ε</span> <span class='ocrx_word' id='word_1_60' title='bbox 2539 1487 2670 1534; x_wconf 82' lang='lat' dir='ltr'><strong>nen</strong></span> <span class='ocrx_word' id='word_1_61' title='bbox 2695 1475 2791 1534; x_wconf 91' lang='lat' dir='ltr'><strong>est</strong></span> 
     </span>
     <span class='ocr_line' id='line_1_9' title="bbox 659 1576 2789 1658; baseline 0 -19"><span class='ocrx_word' id='word_1_62' title='bbox 659 1594 807 1639; x_wconf 88' lang='lat' dir='ltr'><strong>curn</strong></span> <span class='ocrx_word' id='word_1_63' title='bbox 839 1578 1100 1639; x_wconf 87' lang='lat' dir='ltr'><strong>mireris</strong></span> <span class='ocrx_word' id='word_1_64' title='bbox 1123 1576 1403 1639; x_wconf 87' lang='lat' dir='ltr'><strong>Paulum</strong></span> <span class='ocrx_word' id='word_1_65' title='bbox 1429 1576 1611 1639; x_wconf 85' lang='lat' dir='ltr'><strong>illam</strong></span> <span class='ocrx_word' id='word_1_66' title='bbox 1642 1595 1864 1644; x_wconf 86' lang='lat' dir='ltr'><strong>vocem</strong></span> <span class='ocrx_word' id='word_1_67' title='bbox 1892 1578 2193 1640; x_wconf 88' lang='lat' dir='ltr'><strong>omisisse</strong></span> <span class='ocrx_word' id='word_1_68' title='bbox 2215 1626 2229 1653; x_wconf 87' lang='lat'><strong>,</strong></span> <span class='ocrx_word' id='word_1_69' title='bbox 2257 1578 2789 1658; x_wconf 80' lang='lat' dir='ltr'><strong>quandoquidem</strong></span> 
     </span>
     <span class='ocr_line' id='line_1_10' title="bbox 651 1683 2788 1766; baseline 0.001 -21"><span class='ocrx_word' id='word_1_70' title='bbox 651 1684 785 1763; x_wconf 84' lang='lat' dir='ltr'><strong>jam</strong></span> <span class='ocrx_word' id='word_1_71' title='bbox 820 1701 1125 1766; x_wconf 79' lang='lat' dir='ltr'><strong>expressa</strong></span> <span class='ocrx_word' id='word_1_72' title='bbox 1158 1691 1453 1759; x_wconf 81' lang='lat' dir='ltr'><strong>sonaret3</strong></span> <span class='ocrx_word' id='word_1_73' title='bbox 1488 1683 1734 1762; x_wconf 84' lang='lat' dir='ltr'><strong>ellipsis</strong></span> <span class='ocrx_word' id='word_1_74' title='bbox 1760 1692 1983 1747; x_wconf 87' lang='lat' dir='ltr'><strong>contra</strong></span> <span class='ocrx_word' id='word_1_75' title='bbox 2007 1686 2363 1747; x_wconf 88' lang='lat' dir='ltr'><strong>durissima</strong></span> <span class='ocrx_word' id='word_1_76' title='bbox 2390 1703 2465 1748; x_wconf 85' lang='lat' dir='ltr'><strong>ac</strong></span> <span class='ocrx_word' id='word_1_77' title='bbox 2495 1685 2599 1747; x_wconf 90' lang='lat' dir='ltr'><strong>vix</strong></span> <span class='ocrx_word' id='word_1_78' title='bbox 2631 1685 2788 1748; x_wconf 89' lang='lat' dir='ltr'><strong>tole-</strong></span> 
     </span>
     <span class='ocr_line' id='line_1_11' title="bbox 664 1792 2790 1872; baseline 0 -21"><span class='ocrx_word' id='word_1_79' title='bbox 664 1792 864 1852; x_wconf 87' lang='lat' dir='ltr'><strong>randa</strong></span> <span class='ocrx_word' id='word_1_80' title='bbox 893 1838 911 1870; x_wconf 93' lang='lat'><strong>,</strong></span> <span class='ocrx_word' id='word_1_81' title='bbox 945 1809 1095 1854; x_wconf 90' lang='lat' dir='ltr'><strong>cum</strong></span> <span class='ocrx_word' id='word_1_82' title='bbox 1142 1792 1219 1853; x_wconf 90' lang='lat' dir='ltr'><strong>de</strong></span> <span class='ocrx_word' id='word_1_83' title='bbox 1268 1792 1482 1854; x_wconf 87' lang='lat' dir='ltr'><strong>verbis</strong></span> <span class='ocrx_word' id='word_1_84' title='bbox 1529 1792 1746 1871; x_wconf 82' lang='lat' dir='ltr'><strong>agitur</strong></span> <span class='ocrx_word' id='word_1_85' title='bbox 1795 1793 2062 1872; x_wconf 89' lang='lat' dir='ltr'><strong>quaein</strong></span> <span class='ocrx_word' id='word_1_86' title='bbox 2114 1799 2289 1855; x_wconf 85' lang='lat' dir='ltr'><strong>textu</strong></span> <span class='ocrx_word' id='word_1_87' title='bbox 2319 1810 2452 1855; x_wconf 86' lang='lat' dir='ltr'><strong>non</strong></span> <span class='ocrx_word' id='word_1_88' title='bbox 2482 1793 2790 1872; x_wconf 84' lang='lat' dir='ltr'><strong>leguntur</strong></span> 
     </span>
     <span class='ocr_line' id='line_1_12' title="bbox 657 1897 2784 1980; baseline 0 -21"><span class='ocrx_word' id='word_1_89' title='bbox 657 1905 770 1960; x_wconf 90' lang='lat' dir='ltr'><strong>aut</strong></span> <span class='ocrx_word' id='word_1_90' title='bbox 798 1899 877 1960; x_wconf 90' lang='lat' dir='ltr'><strong>de</strong></span> <span class='ocrx_word' id='word_1_91' title='bbox 907 1899 1237 1962; x_wconf 86' lang='lat' dir='ltr'><strong>infinitivo</strong></span> <span class='ocrx_word' id='word_1_92' title='bbox 1261 1897 1526 1961; x_wconf 81' lang='grc' dir='ltr'>δύνασθαι.</span> <span class='ocrx_word' id='word_1_93' title='bbox 1554 1900 1696 1962; x_wconf 89' lang='lat' dir='ltr'><strong>Imo</strong></span> <span class='ocrx_word' id='word_1_94' title='bbox 1721 1899 1909 1962; x_wconf 81' lang='lat' dir='ltr'><strong>facile</strong></span> <span class='ocrx_word' id='word_1_95' title='bbox 1934 1916 2049 1962; x_wconf 84' lang='lat' dir='ltr'><strong>vox</strong></span> <span class='ocrx_word' id='word_1_96' title='bbox 2074 1899 2260 1974; x_wconf 80' lang='grc' dir='ltr'>κλήσει</span> <span class='ocrx_word' id='word_1_97' title='bbox 2286 1899 2497 1963; x_wconf 86' lang='lat' dir='ltr'><strong>omitti</strong></span> <span class='ocrx_word' id='word_1_98' title='bbox 2525 1905 2784 1980; x_wconf 89' lang='lat' dir='ltr'><strong>poterat,</strong></span> 
     </span>
     <span class='ocr_line' id='line_1_13' title="bbox 661 2005 2784 2087; baseline -0.001 -19"><span class='ocrx_word' id='word_1_99' title='bbox 661 2023 812 2068; x_wconf 92' lang='lat' dir='ltr'><strong>cum</strong></span> <span class='ocrx_word' id='word_1_100' title='bbox 839 2006 910 2066; x_wconf 91' lang='lat' dir='ltr'><strong>in</strong></span> <span class='ocrx_word' id='word_1_101' title='bbox 942 2023 1015 2068; x_wconf 89' lang='lat' dir='ltr'><strong>eo</strong></span> <span class='ocrx_word' id='word_1_102' title='bbox 1050 2005 1189 2068; x_wconf 89' lang='lat' dir='ltr'><strong>loco</strong></span> <span class='ocrx_word' id='word_1_103' title='bbox 1230 2006 1572 2085; x_wconf 83' lang='lat' dir='ltr'><strong>praecipue</strong></span> <span class='ocrx_word' id='word_1_104' title='bbox 1618 2007 1696 2068; x_wconf 90' lang='lat' dir='ltr'><strong>de</strong></span> <span class='ocrx_word' id='word_1_105' title='bbox 1739 2005 1854 2068; x_wconf 91' lang='lat' dir='ltr'><strong>illa</strong></span> <span class='ocrx_word' id='word_1_106' title='bbox 1887 2006 2075 2085; x_wconf 80' lang='grc' dir='ltr'>κλήσει</span> <span class='ocrx_word' id='word_1_107' title='bbox 2115 2007 2358 2070; x_wconf 86' lang='lat' dir='ltr'><strong>Paulus</strong></span> <span class='ocrx_word' id='word_1_108' title='bbox 2391 2008 2784 2087; x_wconf 89' lang='lat' dir='ltr'><strong>loqueretur.</strong></span> 
     </span>
     <span class='ocr_line' id='line_1_14' title="bbox 658 2105 2788 2177; baseline 0.001 -2"><span class='ocrx_word' id='word_1_109' title='bbox 658 2113 840 2175; x_wconf 87' lang='lat' dir='ltr'><strong>Adde</strong></span> <span class='ocrx_word' id='word_1_110' title='bbox 891 2130 1117 2175; x_wconf 89' lang='lat' dir='ltr'><strong>versus</strong></span> <span class='ocrx_word' id='word_1_111' title='bbox 1163 2113 1342 2176; x_wconf 87' lang='grc'>21·23</span> <span class='ocrx_word' id='word_1_112' title='bbox 1400 2112 1697 2176; x_wconf 90' lang='lat' dir='ltr'><strong>versibus</strong></span> <span class='ocrx_word' id='word_1_113' title='bbox 1742 2113 1818 2174; x_wconf 91' lang='grc'>20</span> <span class='ocrx_word' id='word_1_114' title='bbox 1873 2120 1932 2176; x_wconf 91' lang='lat' dir='ltr'><strong>et</strong></span> <span class='ocrx_word' id='word_1_115' title='bbox 1980 2115 2053 2175; x_wconf 86' lang='grc'>24</span> <span class='ocrx_word' id='word_1_116' title='bbox 2108 2114 2178 2176; x_wconf 89' lang='lat' dir='ltr'><strong>in</strong></span> <span class='ocrx_word' id='word_1_117' title='bbox 2227 2114 2546 2176; x_wconf 86' lang='lat' dir='ltr'><strong>sententia</strong></span> <span class='ocrx_word' id='word_1_118' title='bbox 2602 2105 2788 2177; x_wconf 82' lang='lat' dir='ltr'><strong>illius</strong></span> 
     </span>
     <span class='ocr_line' id='line_1_15' title="bbox 657 2219 2787 2310; baseline 0 -30"><span class='ocrx_word' id='word_1_119' title='bbox 657 2220 931 2296; x_wconf 79' lang='grc' dir='ltr'>κλήσεως,</span> <span class='ocrx_word' id='word_1_120' title='bbox 964 2227 1036 2281; x_wconf 91' lang='lat' dir='ltr'><strong>ut</strong></span> <span class='ocrx_word' id='word_1_121' title='bbox 1068 2219 1159 2281; x_wconf 89' lang='lat' dir='ltr'><strong>ita</strong></span> <span class='ocrx_word' id='word_1_122' title='bbox 1188 2220 1433 2296; x_wconf 89' lang='lat' dir='ltr'><strong>dicam,</strong></span> <span class='ocrx_word' id='word_1_123' title='bbox 1468 2219 1759 2283; x_wconf 87' lang='lat' dir='ltr'><strong>inclusos</strong></span> <span class='ocrx_word' id='word_1_124' title='bbox 1804 2237 1964 2283; x_wconf 85' lang='lat' dir='ltr'><strong>esse.</strong></span> <span class='ocrx_word' id='word_1_125' title='bbox 2005 2221 2433 2310; x_wconf 67' lang='lat' dir='ltr'><strong>Barticipium</strong></span> <span class='ocrx_word' id='word_1_126' title='bbox 2473 2220 2680 2294; x_wconf 86' lang='grc' dir='ltr'>κληθείς</span> <span class='ocrx_word' id='word_1_127' title='bbox 2713 2221 2787 2281; x_wconf 90' lang='lat' dir='ltr'><strong>in</strong></span> 
     </span>
     <span class='ocr_line' id='line_1_16' title="bbox 655 2326 2787 2410; baseline 0.001 -23"><span class='ocrx_word' id='word_1_128' title='bbox 655 2346 717 2387; x_wconf 86' lang='lat' dir='ltr'><strong>v.</strong></span> <span class='ocrx_word' id='word_1_129' title='bbox 767 2328 840 2388; x_wconf 90' lang='grc'><strong>22</strong></span> <span class='ocrx_word' id='word_1_130' title='bbox 887 2327 1071 2388; x_wconf 90' lang='lat' dir='ltr'><strong>illam</strong></span> <span class='ocrx_word' id='word_1_131' title='bbox 1110 2326 1304 2390; x_wconf 88' lang='lat' dir='ltr'><strong>verbo</strong></span> <span class='ocrx_word' id='word_1_132' title='bbox 1343 2333 1541 2410; x_wconf 77' lang='grc' dir='ltr'>χρῆσαι</span> <span class='ocrx_word' id='word_1_133' title='bbox 1572 2327 1849 2405; x_wconf 87' lang='lat' dir='ltr'><strong>figuram</strong></span> <span class='ocrx_word' id='word_1_134' title='bbox 1883 2344 2023 2390; x_wconf 86' lang='lat' dir='ltr'><strong>esse</strong></span> <span class='ocrx_word' id='word_1_135' title='bbox 2053 2328 2331 2406; x_wconf 88' lang='lat' dir='ltr'><strong>postulat</strong></span> <span class='ocrx_word' id='word_1_136' title='bbox 2360 2327 2474 2409; x_wconf 88' lang='lat' dir='ltr'><strong>(l).</strong></span> <span class='ocrx_word' id='word_1_137' title='bbox 2508 2327 2787 2390; x_wconf 82' lang='lat' dir='ltr'><strong>Necesse</strong></span> 
     </span>
     <span class='ocr_line' id='line_1_17' title="bbox 659 2433 2776 2516; baseline 0 -20"><span class='ocrx_word' id='word_1_138' title='bbox 659 2442 753 2496; x_wconf 91' lang='lat' dir='ltr'><strong>est</strong></span> <span class='ocrx_word' id='word_1_139' title='bbox 781 2451 1042 2514; x_wconf 87' lang='lat' dir='ltr'><strong>quoque</strong></span> <span class='ocrx_word' id='word_1_140' title='bbox 1072 2433 1253 2495; x_wconf 86' lang='lat' dir='ltr'><strong>illam</strong></span> <span class='ocrx_word' id='word_1_141' title='bbox 1283 2434 1561 2513; x_wconf 87' lang='lat' dir='ltr'><strong>figuram</strong></span> <span class='ocrx_word' id='word_1_142' title='bbox 1590 2434 1803 2500; x_wconf 62' lang='lat' dir='ltr'><strong>uerbis</strong></span> <span class='ocrx_word' id='word_1_143' title='bbox 1832 2434 1909 2515; x_wconf 77' lang='grc' dir='ltr'><strong>μή</strong></span> <span class='ocrx_word' id='word_1_144' title='bbox 1939 2457 2023 2495; x_wconf 87' lang='grc' dir='ltr'><strong>σοι</strong></span> <span class='ocrx_word' id='word_1_145' title='bbox 2051 2433 2260 2515; x_wconf 84' lang='grc' dir='ltr'>μελέτω</span> <span class='ocrx_word' id='word_1_146' title='bbox 2294 2433 2585 2516; x_wconf 80' lang='grc' dir='ltr'>(κλήσεως)</span> <span class='ocrx_word' id='word_1_147' title='bbox 2616 2433 2776 2496; x_wconf 86' lang='lat' dir='ltr'><strong>dari.</strong></span> 
     </span>
     <span class='ocr_line' id='line_1_18' title="bbox 657 2537 2776 2621; baseline 0 -18"><span class='ocrx_word' id='word_1_148' title='bbox 657 2542 1092 2604; x_wconf 87' lang='lat' dir='ltr'><strong>Grammatice</strong></span> <span class='ocrx_word' id='word_1_149' title='bbox 1117 2542 1299 2604; x_wconf 88' lang='lat' dir='ltr'><strong>nulla</strong></span> <span class='ocrx_word' id='word_1_150' title='bbox 1325 2548 1419 2604; x_wconf 86' lang='lat' dir='ltr'><strong>est</strong></span> <span class='ocrx_word' id='word_1_151' title='bbox 1438 2541 1729 2620; x_wconf 87' lang='lat' dir='ltr'><strong>legitima</strong></span> <span class='ocrx_word' id='word_1_152' title='bbox 1753 2541 1880 2604; x_wconf 90' lang='lat' dir='ltr'><strong>alia</strong></span> <span class='ocrx_word' id='word_1_153' title='bbox 1909 2543 2014 2604; x_wconf 89' lang='lat' dir='ltr'><strong>via</strong></span> <span class='ocrx_word' id='word_1_154' title='bbox 2037 2542 2384 2604; x_wconf 87' lang='lat' dir='ltr'><strong>subaudita</strong></span> <span class='ocrx_word' id='word_1_155' title='bbox 2415 2537 2776 2621; x_wconf 89' lang='lat' dir='ltr'><strong>supplendi.</strong></span> 
     </span>
    </p>

    <p class='ocr_par' dir='ltr' id='par_1_5' title="bbox 652 2649 2786 3157">
     <span class='ocr_line' id='line_1_19' title="bbox 735 2649 2786 2730; baseline -0.001 -18"><span class='ocrx_word' id='word_1_156' title='bbox 735 2651 1126 2730; x_wconf 89' lang='lat' dir='ltr'><strong>Interpretor</strong></span> <span class='ocrx_word' id='word_1_157' title='bbox 1146 2651 1349 2730; x_wconf 85' lang='lat' dir='ltr'><strong>igitur</strong></span> <span class='ocrx_word' id='word_1_158' title='bbox 1377 2676 1390 2712; x_wconf 78' lang='grc' dir='ltr'>ι</span> <span class='ocrx_word' id='word_1_159' title='bbox 1421 2675 1449 2707; x_wconf 73' lang='grc' dir='ltr'><strong>α</strong></span> <span class='ocrx_word' id='word_1_160' title='bbox 1477 2649 1718 2713; x_wconf 85' lang='lat' dir='ltr'><strong>Servus</strong></span> <span class='ocrx_word' id='word_1_161' title='bbox 1744 2656 2008 2713; x_wconf 88' lang='lat' dir='ltr'><strong>vocatus</strong></span> <span class='ocrx_word' id='word_1_162' title='bbox 2032 2668 2101 2713; x_wconf 89' lang='lat' dir='ltr'><strong>es</strong></span> <span class='ocrx_word' id='word_1_163' title='bbox 2127 2651 2155 2711; x_wconf 86' lang='lat'><strong>?</strong></span> <span class='ocrx_word' id='word_1_164' title='bbox 2188 2654 2374 2725; x_wconf 77' lang='grc' dir='ltr'>κλῆσις</span> <span class='ocrx_word' id='word_1_165' title='bbox 2403 2650 2516 2711; x_wconf 88' lang='lat' dir='ltr'><strong>illa</strong></span> <span class='ocrx_word' id='word_1_166' title='bbox 2541 2667 2671 2712; x_wconf 89' lang='lat' dir='ltr'><strong>non</strong></span> <span class='ocrx_word' id='word_1_167' title='bbox 2701 2650 2786 2713; x_wconf 89' lang='lat' dir='ltr'><strong>sit</strong></span> 
     </span>
     <span class='ocr_line' id='line_1_20' title="bbox 655 2757 2779 2840; baseline 0 -22"><span class='ocrx_word' id='word_1_168' title='bbox 655 2757 773 2819; x_wconf 89' lang='lat' dir='ltr'><strong>tibi</strong></span> <span class='ocrx_word' id='word_1_169' title='bbox 814 2775 1008 2820; x_wconf 89' lang='lat' dir='ltr'><strong>curae</strong></span> <span class='ocrx_word' id='word_1_170' title='bbox 1052 2757 1175 2840; x_wconf 87' lang='grc'>(2);</span> <span class='ocrx_word' id='word_1_171' title='bbox 1211 2758 1322 2820; x_wconf 83' lang='lat' dir='ltr'><strong>sed</strong></span> <span class='ocrx_word' id='word_1_172' title='bbox 1357 2759 1412 2819; x_wconf 92' lang='lat' dir='ltr'><strong>si</strong></span> <span class='ocrx_word' id='word_1_173' title='bbox 1446 2757 1538 2840; x_wconf 87' lang='lat'><strong>(3)</strong></span> <span class='ocrx_word' id='word_1_174' title='bbox 1568 2775 1797 2821; x_wconf 87' lang='lat' dir='ltr'><strong>servus</strong></span> <span class='ocrx_word' id='word_1_175' title='bbox 1841 2758 1958 2837; x_wconf 87' lang='lat' dir='ltr'><strong>qui</strong></span> <span class='ocrx_word' id='word_1_176' title='bbox 1993 2775 2219 2821; x_wconf 88' lang='lat' dir='ltr'><strong>servus</strong></span> <span class='ocrx_word' id='word_1_177' title='bbox 2248 2757 2510 2838; x_wconf 83' lang='lat' dir='ltr'><strong>(civilis)</strong></span> <span class='ocrx_word' id='word_1_178' title='bbox 2542 2763 2779 2835; x_wconf 85' lang='lat' dir='ltr'><strong>manet,</strong></span> 
     </span>
     <span class='ocr_line' id='line_1_21' title="bbox 653 2863 2785 2945; baseline -0 -18"><span class='ocrx_word' id='word_1_179' title='bbox 653 2872 855 2944; x_wconf 90' lang='lat' dir='ltr'><strong>potest</strong></span> <span class='ocrx_word' id='word_1_180' title='bbox 886 2873 1102 2926; x_wconf 86' lang='lat' dir='ltr'><strong>tamen</strong></span> <span class='ocrx_word' id='word_1_181' title='bbox 1141 2865 1307 2926; x_wconf 89' lang='lat' dir='ltr'><strong>liber</strong></span> <span class='ocrx_word' id='word_1_182' title='bbox 1333 2863 1749 2945; x_wconf 85' lang='lat' dir='ltr'><strong>(spiritualis)</strong></span> <span class='ocrx_word' id='word_1_183' title='bbox 1784 2864 1959 2939; x_wconf 87' lang='lat' dir='ltr'><strong>fieri,</strong></span> <span class='ocrx_word' id='word_1_184' title='bbox 1997 2873 2177 2926; x_wconf 83' lang='lat' dir='ltr'><strong>utere</strong></span> <span class='ocrx_word' id='word_1_185' title='bbox 2208 2870 2319 2925; x_wconf 89' lang='lat' dir='ltr'><strong>tua</strong></span> <span class='ocrx_word' id='word_1_186' title='bbox 2346 2864 2531 2936; x_wconf 80' lang='grc' dir='ltr'>κλήσει</span> <span class='ocrx_word' id='word_1_187' title='bbox 2568 2864 2785 2943; x_wconf 89' lang='lat' dir='ltr'><strong>potius</strong></span> 
     </span>
     <span class='ocr_line' id='line_1_22' title="bbox 652 2969 2781 3051; baseline -0.001 -18"><span class='ocrx_word' id='word_1_188' title='bbox 652 2989 851 3051; x_wconf 85' lang='lat' dir='ltr'><strong>quam</strong></span> <span class='ocrx_word' id='word_1_189' title='bbox 889 2971 1001 3033; x_wconf 88' lang='lat' dir='ltr'><strong>illa</strong></span> <span class='ocrx_word' id='word_1_190' title='bbox 1032 2972 1151 3033; x_wconf 89' lang='lat' dir='ltr'><strong>tibi</strong></span> <span class='ocrx_word' id='word_1_191' title='bbox 1184 2989 1377 3034; x_wconf 87' lang='lat' dir='ltr'><strong>curae</strong></span> <span class='ocrx_word' id='word_1_192' title='bbox 1408 2972 1511 3033; x_wconf 79' lang='lat' dir='ltr'><strong>sit,</strong></span> <span class='ocrx_word' id='word_1_193' title='bbox 1546 2971 1733 3045; x_wconf 86' lang='lat' dir='ltr'><strong>Quod</strong></span> <span class='ocrx_word' id='word_1_194' title='bbox 1762 2976 1979 3032; x_wconf 88' lang='lat' dir='ltr'><strong>autem</strong></span> <span class='ocrx_word' id='word_1_195' title='bbox 2018 2987 2243 3032; x_wconf 84' lang='lat' dir='ltr'><strong>servus</strong></span> <span class='ocrx_word' id='word_1_196' title='bbox 2271 2970 2389 3049; x_wconf 89' lang='lat' dir='ltr'><strong>qui</strong></span> <span class='ocrx_word' id='word_1_197' title='bbox 2418 2986 2644 3032; x_wconf 87' lang='lat' dir='ltr'><strong>servus</strong></span> <span class='ocrx_word' id='word_1_198' title='bbox 2672 2969 2781 3049; x_wconf 87' lang='lat' dir='ltr'><strong>(ci-</strong></span> 
     </span>
     <span class='ocr_line' id='line_1_23' title="bbox 655 3075 2782 3157; baseline -0.001 -18"><span class='ocrx_word' id='word_1_199' title='bbox 655 3078 827 3157; x_wconf 85' lang='lat' dir='ltr'><strong>vilis)</strong></span> <span class='ocrx_word' id='word_1_200' title='bbox 869 3084 1109 3154; x_wconf 89' lang='lat' dir='ltr'><strong>manet,</strong></span> <span class='ocrx_word' id='word_1_201' title='bbox 1151 3078 1316 3141; x_wconf 84' lang='lat' dir='ltr'><strong>liber</strong></span> <span class='ocrx_word' id='word_1_202' title='bbox 1345 3075 1766 3157; x_wconf 77' lang='lat' dir='ltr'><strong>(spiritualis)</strong></span> <span class='ocrx_word' id='word_1_203' title='bbox 1812 3082 2026 3139; x_wconf 87' lang='lat' dir='ltr'><strong>tamen</strong></span> <span class='ocrx_word' id='word_1_204' title='bbox 2072 3077 2214 3139; x_wconf 87' lang='lat' dir='ltr'><strong>fieri</strong></span> <span class='ocrx_word' id='word_1_205' title='bbox 2267 3082 2498 3156; x_wconf 85' lang='lat' dir='ltr'><strong>potest,</strong></span> <span class='ocrx_word' id='word_1_206' title='bbox 2534 3082 2782 3139; x_wconf 86' lang='lat' dir='ltr'><strong>certum</strong></span> 
     </span>
    </p>
   </div>
   <div class='ocr_carea' id='block_1_4' title="bbox 649 3396 2782 3738">
    <p class='ocr_par' dir='ltr' id='par_1_6' title="bbox 649 3396 2782 3738">
     <span class='ocr_line' id='line_1_24' title="bbox 711 3396 2780 3470; baseline -0.001 -17"><span class='ocrx_word' id='word_1_207' title='bbox 711 3401 779 3467; x_wconf 82' lang='lat'><strong>(1)</strong></span> <span class='ocrx_word' id='word_1_208' title='bbox 820 3398 983 3461; x_wconf 82' lang='lat' dir='ltr'><strong>Quod</strong></span> <span class='ocrx_word' id='word_1_209' title='bbox 1022 3399 1164 3451; x_wconf 88' lang='lat' dir='ltr'><strong>vidit</strong></span> <span class='ocrx_word' id='word_1_210' title='bbox 1198 3402 1309 3463; x_wconf 89' lang='lat' dir='ltr'><strong>jam</strong></span> <span class='ocrx_word' id='word_1_211' title='bbox 1346 3398 1664 3461; x_wconf 75' lang='lat' dir='ltr'><strong>Rossiqnol,</strong></span> <span class='ocrx_word' id='word_1_212' title='bbox 1708 3396 1992 3462; x_wconf 85' lang='lat' dir='ltr'><strong>professor</strong></span> <span class='ocrx_word' id='word_1_213' title='bbox 2034 3397 2093 3448; x_wconf 90' lang='lat' dir='ltr'><strong>in</strong></span> <span class='ocrx_word' id='word_1_214' title='bbox 2133 3396 2342 3450; x_wconf 84' lang='lat' dir='ltr'><strong>Galliae</strong></span> <span class='ocrx_word' id='word_1_215' title='bbox 2384 3397 2632 3464; x_wconf 83' lang='lat' dir='ltr'><strong>Collegio</strong></span> <span class='ocrx_word' id='word_1_216' title='bbox 2676 3397 2780 3470; x_wconf 63' lang='lat' dir='ltr'><strong>(of,</strong></span> 
     </span>
     <span class='ocr_line' id='line_1_25' title="bbox 650 3490 2780 3556; baseline -0.001 -12"><span class='ocrx_word' id='word_1_217' title='bbox 650 3496 815 3545; x_wconf 81' lang='lat' dir='ltr'><strong>saint</strong></span> <span class='ocrx_word' id='word_1_218' title='bbox 844 3496 982 3542; x_wconf 85' lang='lat' dir='ltr'><strong>Paul</strong></span> <span class='ocrx_word' id='word_1_219' title='bbox 1019 3497 1069 3541; x_wconf 83' lang='lat' dir='ltr'><strong>et</strong></span> <span class='ocrx_word' id='word_1_220' title='bbox 1109 3494 1462 3552; x_wconf 75' lang='lat' dir='ltr'><strong>l&#39;esclavaqe,</strong></span> <span class='ocrx_word' id='word_1_221' title='bbox 1493 3505 1591 3554; x_wconf 87' lang='lat' dir='ltr'><strong>par</strong></span> <span class='ocrx_word' id='word_1_222' title='bbox 1629 3490 1779 3540; x_wconf 85' lang='lat' dir='ltr'>J.-A.</span> <span class='ocrx_word' id='word_1_223' title='bbox 1816 3490 2037 3542; x_wconf 88' lang='lat' dir='ltr'><strong>Monod.</strong></span> <span class='ocrx_word' id='word_1_224' title='bbox 2077 3491 2386 3551; x_wconf 89' lang='lat' dir='ltr'><strong>Toulouse‚</strong></span> <span class='ocrx_word' id='word_1_225' title='bbox 2419 3490 2564 3554; x_wconf 87' lang='lat'><strong>1866,</strong></span> <span class='ocrx_word' id='word_1_226' title='bbox 2598 3507 2650 3555; x_wconf 92' lang='lat' dir='ltr'><strong>p.</strong></span> <span class='ocrx_word' id='word_1_227' title='bbox 2682 3490 2780 3556; x_wconf 86' lang='grc'>22),</span> 
     </span>
     <span class='ocr_line' id='line_1_26' title="bbox 651 3571 2782 3646; baseline -0 -13"><span class='ocrx_word' id='word_1_228' title='bbox 651 3585 745 3646; x_wconf 90' lang='lat' dir='ltr'><strong>qui</strong></span> <span class='ocrx_word' id='word_1_229' title='bbox 775 3588 959 3633; x_wconf 86' lang='lat' dir='ltr'><strong>tamen</strong></span> <span class='ocrx_word' id='word_1_230' title='bbox 987 3581 1153 3631; x_wconf 89' lang='lat' dir='ltr'><strong>modo</strong></span> <span class='ocrx_word' id='word_1_231' title='bbox 1185 3595 1253 3630; x_wconf 85' lang='lat' dir='ltr'><strong>ex</strong></span> <span class='ocrx_word' id='word_1_232' title='bbox 1282 3582 1377 3630; x_wconf 91' lang='lat' dir='ltr'><strong>illo</strong></span> <span class='ocrx_word' id='word_1_233' title='bbox 1403 3581 1464 3630; x_wconf 90' lang='lat' dir='ltr'><strong>in</strong></span> <span class='ocrx_word' id='word_1_234' title='bbox 1489 3597 1541 3632; x_wconf 79' lang='lat' dir='ltr'><strong>v.</strong></span> <span class='ocrx_word' id='word_1_235' title='bbox 1572 3579 1633 3630; x_wconf 85' lang='grc'><strong>22</strong></span> <span class='ocrx_word' id='word_1_236' title='bbox 1659 3580 1846 3640; x_wconf 77' lang='grc' dir='ltr'>κληθείς</span> <span class='ocrx_word' id='word_1_237' title='bbox 1871 3571 2105 3644; x_wconf 68' lang='grc' dir='ltr'><strong>ΡιὌέιιθ.</strong></span> <span class='ocrx_word' id='word_1_238' title='bbox 2128 3585 2429 3644; x_wconf 87' lang='lat' dir='ltr'><strong>nostraque</strong></span> <span class='ocrx_word' id='word_1_239' title='bbox 2458 3581 2782 3644; x_wconf 76' lang='lat' dir='ltr'><strong>interpreta-</strong></span> 
     </span>
     <span class='ocr_line' id='line_1_27' title="bbox 649 3669 2782 3738; baseline -0.001 -16"><span class='ocrx_word' id='word_1_240' title='bbox 649 3674 801 3723; x_wconf 86' lang='lat' dir='ltr'><strong>tione</strong></span> <span class='ocrx_word' id='word_1_241' title='bbox 828 3688 881 3723; x_wconf 88' lang='lat' dir='ltr'><strong>v.</strong></span> <span class='ocrx_word' id='word_1_242' title='bbox 912 3678 1095 3738; x_wconf 74' lang='grc' dir='ltr'>χρῆσαι</span> <span class='ocrx_word' id='word_1_243' title='bbox 1124 3675 1510 3735; x_wconf 86' lang='lat' dir='ltr'><strong>argumentum</strong></span> <span class='ocrx_word' id='word_1_244' title='bbox 1547 3671 1717 3720; x_wconf 88' lang='lat' dir='ltr'><strong>ducit.</strong></span> <span class='ocrx_word' id='word_1_245' title='bbox 1751 3669 2036 3733; x_wconf 87' lang='lat' dir='ltr'><strong>Optimum</strong></span> <span class='ocrx_word' id='word_1_246' title='bbox 2068 3684 2227 3730; x_wconf 88' lang='lat' dir='ltr'><strong>sane,</strong></span> <span class='ocrx_word' id='word_1_247' title='bbox 2265 3670 2363 3721; x_wconf 90' lang='lat' dir='ltr'><strong>sed</strong></span> <span class='ocrx_word' id='word_1_248' title='bbox 2402 3684 2516 3720; x_wconf 88' lang='lat' dir='ltr'><strong>non</strong></span> <span class='ocrx_word' id='word_1_249' title='bbox 2553 3670 2782 3720; x_wconf 87' lang='lat' dir='ltr'><strong>unicum</strong></span> 
     </span>
    </p>
   </div>
   <div class='ocr_carea' id='block_1_5' title="bbox 650 3762 2777 3916">
    <p class='ocr_par' dir='ltr' id='par_1_7' title="bbox 650 3762 2777 3916">
     <span class='ocr_line' id='line_1_28' title="bbox 650 3762 1410 3827; baseline -0.001 -15"><span class='ocrx_word' id='word_1_250' title='bbox 650 3768 1061 3827; x_wconf 85' lang='lat' dir='ltr'><strong>argumentum,</strong></span> <span class='ocrx_word' id='word_1_251' title='bbox 1093 3776 1179 3811; x_wconf 90' lang='lat' dir='ltr'><strong>me</strong></span> <span class='ocrx_word' id='word_1_252' title='bbox 1204 3762 1410 3825; x_wconf 64' lang='lat' dir='ltr'><strong>judice·</strong></span> 
     </span>
     <span class='ocr_line' id='line_1_29' title="bbox 709 3847 2777 3916; baseline -0.001 -14"><span class='ocrx_word' id='word_1_253' title='bbox 709 3852 775 3916; x_wconf 90' lang='grc'>(2)</span> <span class='ocrx_word' id='word_1_254' title='bbox 811 3868 834 3899; x_wconf 80' lang='grc' dir='ltr'>α</span> <span class='ocrx_word' id='word_1_255' title='bbox 866 3854 1001 3915; x_wconf 82' lang='grc' dir='ltr'>μέλει</span> <span class='ocrx_word' id='word_1_256' title='bbox 1030 3868 1093 3893; x_wconf 67' lang='grc' dir='ltr'><strong>-τ</strong></span> <span class='ocrx_word' id='word_1_257' title='bbox 1131 3864 1189 3900; x_wconf 88' lang='lat' dir='ltr'><strong>es</strong></span> <span class='ocrx_word' id='word_1_258' title='bbox 1233 3851 1307 3900; x_wconf 88' lang='lat' dir='ltr'><strong>ist</strong></span> <span class='ocrx_word' id='word_1_259' title='bbox 1343 3851 1448 3899; x_wconf 87' lang='lat' dir='ltr'><strong>mir</strong></span> <span class='ocrx_word' id='word_1_260' title='bbox 1486 3851 1577 3899; x_wconf 89' lang='lat' dir='ltr'><strong>ein</strong></span> <span class='ocrx_word' id='word_1_261' title='bbox 1609 3848 1964 3911; x_wconf 87' lang='lat' dir='ltr'><strong>Gegenstand</strong></span> <span class='ocrx_word' id='word_1_262' title='bbox 1994 3849 2092 3897; x_wconf 89' lang='lat' dir='ltr'><strong>der</strong></span> <span class='ocrx_word' id='word_1_263' title='bbox 2123 3848 2319 3912; x_wconf 80' lang='lat' dir='ltr'><strong>Serge,</strong></span> <span class='ocrx_word' id='word_1_264' title='bbox 2353 3849 2450 3898; x_wconf 90' lang='lat' dir='ltr'><strong>der</strong></span> <span class='ocrx_word' id='word_1_265' title='bbox 2480 3847 2777 3913; x_wconf 72' lang='lat' dir='ltr'><strong>Fiirsorge,</strong></span> 
     </span>
    </p>
   </div>
   <div class='ocr_carea' id='block_1_6' title="bbox 650 3938 2780 4003">
    <p class='ocr_par' dir='ltr' id='par_1_8' title="bbox 650 3938 2780 4003">
     <span class='ocr_line' id='line_1_30' title="bbox 650 3938 2780 4003; baseline -0.001 -12"><span class='ocrx_word' id='word_1_266' title='bbox 650 3941 748 3991; x_wconf 88' lang='lat' dir='ltr'><strong>der</strong></span> <span class='ocrx_word' id='word_1_267' title='bbox 771 3940 1237 4003; x_wconf 76' lang='lat' dir='ltr'><strong>BekiimmerniSS,</strong></span> <span class='ocrx_word' id='word_1_268' title='bbox 1272 3940 1370 3989; x_wconf 92' lang='lat' dir='ltr'><strong>der</strong></span> <span class='ocrx_word' id='word_1_269' title='bbox 1398 3939 1753 3990; x_wconf 86' lang='lat' dir='ltr'><strong>Theilnahme</strong></span> <span class='ocrx_word' id='word_1_270' title='bbox 1758 3974 1855 3990; x_wconf 90' lang='grc'><strong>.....</strong></span> <span class='ocrx_word' id='word_1_271' title='bbox 1893 3950 1952 3987; x_wconf 88' lang='lat' dir='ltr'><strong>es</strong></span> <span class='ocrx_word' id='word_1_272' title='bbox 1991 3938 2266 3988; x_wconf 82' lang='lat' dir='ltr'><strong>kiimmert</strong></span> <span class='ocrx_word' id='word_1_273' title='bbox 2297 3939 2470 4002; x_wconf 86' lang='lat' dir='ltr'><strong>mich,</strong></span> <span class='ocrx_word' id='word_1_274' title='bbox 2502 3939 2638 4002; x_wconf 77' lang='lat' dir='ltr'><strong>negt</strong></span> <span class='ocrx_word' id='word_1_275' title='bbox 2675 3939 2780 3990; x_wconf 84' lang='lat' dir='ltr'><strong>mir</strong></span> 
     </span>
    </p>
   </div>
   <div class='ocr_carea' id='block_1_7' title="bbox 650 4030 2778 4182">
    <p class='ocr_par' dir='ltr' id='par_1_9' title="bbox 650 4030 2778 4182">
     <span class='ocr_line' id='line_1_31' title="bbox 650 4030 1317 4092; baseline -0.003 -14"><span class='ocrx_word' id='word_1_276' title='bbox 650 4045 736 4079; x_wconf 83' lang='lat' dir='ltr'><strong>am</strong></span> <span class='ocrx_word' id='word_1_277' title='bbox 763 4030 997 4092; x_wconf 86' lang='lat' dir='ltr'><strong>Herzen,</strong></span> <span class='ocrx_word' id='word_1_278' title='bbox 1025 4044 1080 4081; x_wconf 91' lang='lat' dir='ltr'><strong>u.</strong></span> <span class='ocrx_word' id='word_1_279' title='bbox 1114 4044 1158 4081; x_wconf 91' lang='lat' dir='ltr'><strong>s.</strong></span> <span class='ocrx_word' id='word_1_280' title='bbox 1189 4044 1256 4080; x_wconf 85' lang='lat' dir='ltr'><strong>w.</strong></span> <span class='ocrx_word' id='word_1_281' title='bbox 1292 4046 1317 4076; x_wconf 72' lang='grc' dir='ltr'><strong>ι)</strong></span> 
     </span>
     <span class='ocr_line' id='line_1_32' title="bbox 709 4115 2778 4182; baseline -0.001 -14"><span class='ocrx_word' id='word_1_282' title='bbox 709 4119 778 4182; x_wconf 89' lang='grc'><strong>(3)</strong></span> <span class='ocrx_word' id='word_1_283' title='bbox 806 4119 919 4168; x_wconf 87' lang='lat' dir='ltr'><strong>Aut</strong></span> <span class='ocrx_word' id='word_1_284' title='bbox 948 4120 1429 4181; x_wconf 78' lang='lat' dir='ltr'><strong>quandoquidem.</strong></span> <span class='ocrx_word' id='word_1_285' title='bbox 1465 4117 1603 4166; x_wconf 87' lang='lat' dir='ltr'><strong>Nam</strong></span> <span class='ocrx_word' id='word_1_286' title='bbox 1634 4119 1677 4167; x_wconf 75' lang='grc' dir='ltr'>εἰ</span> <span class='ocrx_word' id='word_1_287' title='bbox 1706 4115 1841 4165; x_wconf 89' lang='lat' dir='ltr'><strong>mihi</strong></span> <span class='ocrx_word' id='word_1_288' title='bbox 1870 4115 1960 4165; x_wconf 90' lang='lat' dir='ltr'><strong>hic</strong></span> <span class='ocrx_word' id='word_1_289' title='bbox 1993 4116 2148 4165; x_wconf 90' lang='lat' dir='ltr'><strong>illum</strong></span> <span class='ocrx_word' id='word_1_290' title='bbox 2188 4116 2389 4165; x_wconf 86' lang='lat' dir='ltr'><strong>habere</strong></span> <span class='ocrx_word' id='word_1_291' title='bbox 2429 4129 2655 4166; x_wconf 88' lang='lat' dir='ltr'><strong>sensum</strong></span> <span class='ocrx_word' id='word_1_292' title='bbox 2691 4118 2778 4168; x_wconf 84' lang='lat' dir='ltr'><strong>vi-</strong></span> 
     </span>
    </p>
   </div>
   <div class='ocr_carea' id='block_1_8' title="bbox 650 4205 2777 4361">
    <p class='ocr_par' dir='ltr' id='par_1_10' title="bbox 650 4205 2777 4361">
     <span class='ocr_line' id='line_1_33' title="bbox 650 4205 2777 4272; baseline -0.001 -16"><span class='ocrx_word' id='word_1_293' title='bbox 650 4208 812 4258; x_wconf 90' lang='lat' dir='ltr'><strong>detur</strong></span> <span class='ocrx_word' id='word_1_294' title='bbox 851 4222 1013 4272; x_wconf 87' lang='lat' dir='ltr'><strong>quem</strong></span> <span class='ocrx_word' id='word_1_295' title='bbox 1053 4208 1144 4257; x_wconf 63' lang='lat' dir='ltr'><strong>sic⁴</strong></span> <span class='ocrx_word' id='word_1_296' title='bbox 1170 4207 1409 4270; x_wconf 85' lang='lat' dir='ltr'><strong>explicat</strong></span> <span class='ocrx_word' id='word_1_297' title='bbox 1448 4210 1667 4257; x_wconf 84' lang='lat' dir='ltr'><strong>Grimm</strong></span> <span class='ocrx_word' id='word_1_298' title='bbox 1701 4225 1714 4255; x_wconf 90' lang='lat'><em>:</em></span> <span class='ocrx_word' id='word_1_299' title='bbox 1744 4219 1859 4255; x_wconf 88' lang='lat' dir='ltr'><strong>non</strong></span> <span class='ocrx_word' id='word_1_300' title='bbox 1889 4219 2044 4265; x_wconf 85' lang='lat' dir='ltr'><strong>raro,</strong></span> <span class='ocrx_word' id='word_1_301' title='bbox 2071 4205 2169 4255; x_wconf 90' lang='lat' dir='ltr'><strong>ubi</strong></span> <span class='ocrx_word' id='word_1_302' title='bbox 2199 4219 2269 4255; x_wconf 85' lang='lat' dir='ltr'><strong>ex</strong></span> <span class='ocrx_word' id='word_1_303' title='bbox 2297 4218 2358 4255; x_wconf 89' lang='lat' dir='ltr'><strong>re</strong></span> <span class='ocrx_word' id='word_1_304' title='bbox 2388 4205 2624 4268; x_wconf 85' lang='lat' dir='ltr'><strong>quadam</strong></span> <span class='ocrx_word' id='word_1_305' title='bbox 2656 4219 2777 4256; x_wconf 90' lang='lat' dir='ltr'><strong>cer-</strong></span> 
     </span>
     <span class='ocr_line' id='line_1_34' title="bbox 650 4294 2777 4361; baseline 0 -16"><span class='ocrx_word' id='word_1_306' title='bbox 650 4297 864 4347; x_wconf 83' lang='lat' dir='ltr'><strong>tissima</strong></span> <span class='ocrx_word' id='word_1_307' title='bbox 894 4298 1101 4361; x_wconf 86' lang='lat' dir='ltr'><strong>aliquid</strong></span> <span class='ocrx_word' id='word_1_308' title='bbox 1134 4295 1502 4358; x_wconf 86' lang='lat' dir='ltr'><strong>concluditur,</strong></span> <span class='ocrx_word' id='word_1_309' title='bbox 1527 4298 1569 4346; x_wconf 78' lang='grc' dir='ltr'>εἰ</span> <span class='ocrx_word' id='word_1_310' title='bbox 1589 4310 1635 4347; x_wconf 91' lang='lat' dir='ltr'><strong>c.</strong></span> <span class='ocrx_word' id='word_1_311' title='bbox 1661 4294 1910 4354; x_wconf 76' lang='lat' dir='ltr'><strong>indicat„</strong></span> <span class='ocrx_word' id='word_1_312' title='bbox 1937 4298 2000 4344; x_wconf 88' lang='lat' dir='ltr'><strong>ut</strong></span> <span class='ocrx_word' id='word_1_313' title='bbox 2026 4298 2201 4344; x_wconf 84' lang='lat' dir='ltr'><strong>nostr.</strong></span> <span class='ocrx_word' id='word_1_314' title='bbox 2228 4307 2409 4357; x_wconf 81' lang='lat' dir='ltr'><strong>wenn,</strong></span> <span class='ocrx_word' id='word_1_315' title='bbox 2431 4295 2777 4359; x_wconf 78' lang='lat' dir='ltr'><strong>syllogistice</strong></span> 
     </span>
    </p>
   </div>
   <div class='ocr_carea' id='block_1_9' title="bbox 645 4384 2214 4452">
    <p class='ocr_par' dir='ltr' id='par_1_11' title="bbox 645 4384 2214 4452">
     <span class='ocr_line' id='line_1_35' title="bbox 645 4384 2214 4452; baseline -0.001 -17"><span class='ocrx_word' id='word_1_316' title='bbox 645 4386 722 4438; x_wconf 86' lang='lat' dir='ltr'><strong>ita</strong></span> <span class='ocrx_word' id='word_1_317' title='bbox 749 4387 993 4452; x_wconf 84' lang='lat' dir='ltr'><strong>ponitur,</strong></span> <span class='ocrx_word' id='word_1_318' title='bbox 1023 4391 1088 4439; x_wconf 88' lang='lat' dir='ltr'><strong>ut</strong></span> <span class='ocrx_word' id='word_1_319' title='bbox 1111 4400 1284 4437; x_wconf 82' lang='lat' dir='ltr'><strong>sensu</strong></span> <span class='ocrx_word' id='word_1_320' title='bbox 1315 4389 1587 4450; x_wconf 83' lang='lat' dir='ltr'><strong>exaequet</strong></span> <span class='ocrx_word' id='word_1_321' title='bbox 1609 4386 1724 4436; x_wconf 82' lang='lat' dir='ltr'><strong>vim</strong></span> <span class='ocrx_word' id='word_1_322' title='bbox 1750 4385 2057 4449; x_wconf 77' lang='lat' dir='ltr'><strong>particulae</strong></span> <span class='ocrx_word' id='word_1_323' title='bbox 2090 4384 2214 4437; x_wconf 74' lang='grc' dir='ltr'>ἐπεί.</span> 
     </span>
    </p>
   </div>
  </div>
 </body>
</html>
