3559 5609
841 864 900 914 20
1113 861 1119 871 '
1721 865 1771 922 Ι,
1814 865 2009 923 17-111,
2048 869 2093 913 9.

837 981 1050 1064 ψυχικοί
1081 981 1251 1054 sitiS,
1296 999 1436 1041 eam
1477 981 1764 1060 accipere
1810 981 2107 1060 potestis,
2142 982 2514 1060 imperfecte
2553 982 2742 1044 modo
2781 981 2964 1043 illam

837 1087 1201 1163 intelligere
1245 1103 1315 1147 ac
1355 1105 1636 1166 carpere.
1692 1087 1819 1148 Vos
1868 1104 1997 1149 non
2044 1090 2182 1167 Jam
2225 1106 2454 1168 pueros
2505 1108 2643 1151 esse
2693 1089 2925 1170 putatis
2953 1140 2968 1167 ,

839 1194 1139 1255 dictitatis
1187 1209 1298 1254 vos
1348 1209 1558 1253 escam
1611 1193 1797 1255 velle.
1852 1193 2207 1271 Fingamus
2250 1228 2327 1239 —
2362 1195 2531 1274 quod
2574 1212 2707 1257 non
2758 1202 2854 1257 est
2887 1228 2964 1239 —

838 1299 1372 1381 praedicationem
1398 1317 1612 1361 meam
1646 1316 1855 1361 escam
1888 1316 2019 1361 non
2052 1318 2210 1364 esse.
2246 1301 2426 1363 Num
2451 1302 2609 1364 sorte
2641 1301 2963 1364 existima-

839 1407 918 1467 tis
954 1423 1059 1468 eos
1094 1423 1205 1467 vos
1237 1423 1373 1467 esse
1401 1406 1514 1485 qui
1545 1406 2019 1468 nutrimentum
2056 1406 2273 1468 feratis
2302 1408 2473 1488 quod
2509 1407 2965 1490 expostuletis?

837 1527 996 1572 num
1027 1510 1407 1572 existimatis
1440 1526 1548 1571 vos
1572 1510 1709 1589 jam
1742 1526 1871 1571 non
1908 1510 2202 1572 carnales
2231 1513 2413 1573 esse?
2449 1537 2476 1570 n
2511 1513 2601 1595 (v.
2632 1513 2783 1596 2-4).

920 1620 1001 1709 Et
1043 1617 1283 1679 Paulus
1327 1617 1558 1696 Apollo
1597 1616 1667 1677 in
1712 1616 2216 1696 disputationem
2261 1619 2573 1683 adhibens
2622 1623 2851 1684 transit
2884 1622 2965 1684 ad

730 1736 735 1740 ’
836 1728 941 1787 III
959 1734 1229 1803 partem,
1266 1724 1460 1786 simul
1498 1725 1857 1786 fautoribus
1904 1734 1966 1786 et
2005 1724 2388 1788 adversariis
2430 1727 2836 1792 destinatam.
2884 1763 2964 1777 —

834 1834 1093 1895 Priores
1147 1832 1549 1913 vituperavit.
1615 1831 2082 1894 Posterioribus
2133 1834 2246 1912 qui
2301 1818 2762 1913 professionem
2824 1839 2964 1919 ejus

839 1951 1147 2020 tanquam
1194 1958 1420 2019 parum
1471 1940 1824 2018 sapientem
1874 1949 2261 2017 arguerent,
2311 1944 2639 2021 respondit
2674 1945 2802 2007 :de
2836 1962 2964 2025 qua

838 2053 1152 2132 sapientia
1194 2050 1463 2112 verbum
1509 2047 1764 2108 facitis?
1797 2047 1971 2109 Num
2026 2049 2106 2110 de
2149 2049 2484 2113 humana?
2530 2054 2700 2117 nihil
2746 2066 2962 2118 autem

837 2177 983 2223 cnm
1022 2157 1135 2219 illa
1172 2173 1517 2218 commune
1548 2153 1976 2231 Evangelium
2007 2155 2198 2217 habet
2226 2156 2322 2237 (1,
2355 2158 2529 2236 7-11,
2569 2162 2649 2240 5).
2685 2163 2849 2223 Num
2884 2160 2965 2223 de

836 2265 1100 2328 divina?
1133 2265 1257 2328 Sed
1286 2264 1436 2326 talia
1464 2262 1836 2343 respicienti
1869 2263 2037 2323 nihil
2063 2264 2128 2323 in
2158 2282 2301 2326 mea
2332 2267 2723 2345 professione
2752 2270 2960 2349 requi·

834 2375 999 2444 ritur
1040 2373 1169 2455 (II,
1220 2371 1442 2453 6-111).
1497 2406 1574 2417 -
1624 2370 2023 2448 Igitur‘cum
2069 2369 2217 2433 illos
2265 2372 2384 2451 qui
2433 2373 2494 2435 ei
2543 2375 2779 2455 nimiS,
2826 2386 2961 2439 tum

832 2481 966 2543 illis
996 2481 1110 2559 qui
1139 2482 1198 2542 ei
1233 2480 1454 2541 minus
1484 2479 1880 2541 auctoritatis
1905 2496 1978 2541 ac
2008 2479 2340 2559 dignitatis
2373 2483 2740 2546 tribuebant
2770 2484 2961 2547 refel-

834 2587 931 2652 lit.
958 2589 1149 2650 Nunc
1180 2587 1514 2648 veritatem
1544 2585 1883 2659 iudicabit,
1913 2594 1974 2649 et
2004 2579 2294 2649 oste‘ndet
2312 2590 2552 2667 quanti
2576 2592 2962 2655 aestimandi

832 2696 961 2757 sint
990 2704 1050 2756 et
1084 2696 1218 2774 ipse
1248 2702 1310 2755 et
1339 2693 1601 2773 Apollos
1638 2713 1651 2754 :
1690 2692 1857 2755 illud
1888 2693 2059 2755 valet
2082 2694 2143 2755 τὸ
2170 2695 2221 2755 τί
2242 2688 2330 2756 οῧν
2353 2716 2414 2759 v.
2446 2698 2480 2758 5
2517 2696 2628 2779 (X,
2654 2700 2833 2772 5-1V,
2876 2698 2955 2778 1).

912 2802 1429 2865 Admirationem
1460 2808 1673 2863 movet
1701 2800 1964 2877 quidem
1995 2800 2179 2863 Pauli
2211 2801 2544 2866 dialectica
2574 2805 2862 2882 solertia,
2899 2814 2962 2866 et

827 2910 1169 2972 artificiosa
1202 2927 1418 2971 rerum
1449 2907 1809 2987 dispositio.

907 3018 987 3080 In
1040 3037 1097 3078 v.
1156 3017 1225 3077 10
1279 3035 1370 3097 sq.
1428 3016 1670 3079 Paulus
1721 3034 2016 3096 expresse
2069 3019 2444 3097 pronuntiat
2496 3022 2955 3100 professionem

829 3143 1011 3186 suam
1044 3124 1270 3186 ceteris
1301 3124 1805 3204 professionibus
1843 3134 2162 3204 praestare
2196 3158 2276 3170 -
2309 3144 2438 3189 non
2476 3145 2664 3193 suam
2692 3128 2956 3209 quidem

833 3256 861 3287 α
904 3231 1416 3311 philosophiam,
1464 3254 1491 3287 n
1538 3232 1645 3292 sed
1697 3230 2171 3293 institutionem
2222 3232 2577 3296 Corinthiis
2631 3229 2951 3299 traditam.

829 3340 1158 3419 Sapientia
1191 3343 1272 3414 (v.
1316 3339 1406 3415 10)
1443 3337 1533 3419 (1)
1567 3347 1826 3401 vocatur
1854 3339 2176 3400 institutio
2205 3339 2316 3400 illa
2342 3386 2359 3418 ,
2394 3359 2594 3421 eaque
2630 3351 2724 3404 est
2753 3352 2822 3406 ut
2851 3362 2955 3405 ce-

831 3447 979 3509 teris
1026 3464 1175 3509 cum
1218 3446 1692 3525 praesentibuS‚
1730 3453 1862 3506 tum
1899 3446 2131 3507 futuris
2175 3446 2695 3511 institutionibus
2729 3468 2958 3514 norma

826 3555 1156 3618 habeatur.
1191 3552 1470 3629 Quaevis
1493 3552 1843 3631 institutio,
1875 3555 2001 3614 nisi
2029 3554 2099 3614 in
2133 3553 2540 3618 institutione
2572 3557 2757 3619 Pauli
2791 3559 2954 3620 nita-

883 3810 949 3873 (1)
975 3809 1206 3872 Cogitur
1233 3810 1413 3865 Godet„
1433 3806 1580 3856 illius
1614 3823 1666 3858 v.
1699 3806 2126 3870 explicationem
2162 3821 2428 3870 quaerere
2468 3821 2631 3871 quam
2665 3811 2952 3860 confutare

821 3877 1195 3949 necessarium
1222 3913 1336 3967 non
1366 3902 1450 3947 est
1490 3913 1500 3946 :
1541 3914 1565 3943 «
1599 3898 1673 3947 Sa
1712 3911 1965 3960 sagesse,
1997 3910 2207 3945 comme
2246 3898 2568 3959 fondateur,
2602 3915 2633 3948 a
2663 3898 2749 3949 ete
2780 3900 2847 3948 de
2883 3914 2953 3949 ne

820 4005 917 4052 pas
949 3990 1084 4038 faire
1115 3989 1183 4037 de
1214 4001 1453 4050 sagesse.
1487 4004 1511 4034 »
1544 3987 1720 4035 Acute
1748 3986 2011 4035 videlicet
2040 3999 2104 4033 ea
2133 3985 2341 4048 colligit
2373 3990 2543 4037 Godct
2562 4027 2573 4049 ,
2607 4002 2675 4036 ex
2714 3989 2952 4050 apostoli

817 4080 1029 4141 verbiS‚
1063 4092 1202 4142 quae
1243 4077 1509 4127 adversus
1551 4077 1644 4124 illa
1681 4077 1852 4125 verba
1891 4074 2228 4137 depugnant.
2271 4074 2610 4139 Ceteroquin
2635 4114 2646 4136 ,
2679 4081 2742 4126 ut
2782 4091 2849 4126 ex
2886 4091 2952 4128 eo

819 4170 1063 4218 cernitur
1093 4167 1240 4231 quod
1272 4167 1545 4230 legentem
1575 4166 1643 4214 ad
1674 4165 1743 4227 II,
1787 4163 1880 4223 1-5‚
1910 4167 1964 4211 et
1994 4162 2093 4224 III,
2129 4161 2233 4224 1-4,
2269 4164 2466 4227 rejicit,
2499 4166 2750 4215 confudit
2782 4170 2952 4215 Godet

819 4260 955 4307 duas
996 4259 1150 4307 vocis
1186 4258 1333 4320 σοφία
1365 4257 1800 4319 significationes
1824 4293 1836 4316 ‚
1879 4269 2015 4317 quas
2051 4256 2196 4304 solas
2227 4258 2331 4306 hoc
2364 4259 2696 4306 vocabulum
2727 4258 2785 4305 in
2816 4257 2951 4307 1-111

816 4351 996 4405 habet,
1027 4351 1081 4395 et
1113 4349 1230 4394 illas
1262 4350 1481 4408 oportet
1511 4348 1765 4393 accurate
1799 4344 2073 4394 discerni:
2100 4348 2381 4406 sapientia
2414 4351 2685 4409 humana,
2721 4350 2950 4408 sapien-

818 4443 893 4490 tia
926 4440 1122 4486 divina
1157 4441 1251 4484 aut
1284 4439 1615 4484 christiana.
