3559 5609
1492 833 1593 884 VII
1611 872 1622 894 ‚
1663 834 1832 884 18-24.
2672 835 2732 885 '19

597 950 1045 1028 quaestionem
1084 966 1210 1011 non
1262 966 1527 1028 prorsus
1556 949 1925 1027 agitaverit,
1966 950 2449 1031 neglexeritque
2477 959 2730 1032 tempus

599 1055 1083 1135 exceptionibus
1113 1056 1419 1132 tribuere,
1455 1062 1524 1118 ut
1552 1056 1632 1118 de
1661 1056 2082 1120 matrimonio
2110 1056 2286 1120 fecit.

679 1162 886 1242 Super
924 1162 1286 1241 fragmento
1320 1162 1546 1239 20-22,
1582 1180 1808 1241 rogare
1855 1164 2168 1242 potuisset
2202 1165 2530 1245 quispiam
2571 1185 2585 1229 :
2620 1169 2727 1230 sed

599 1271 654 1332 si
694 1288 877 1333 servo
926 1288 1055 1333 non
1102 1270 1250 1333 licet
1298 1270 1520 1333 conari
1567 1269 1929 1333 libertatem
1971 1271 2099 1334 sibi
2151 1272 2279 1351 ipsi
2324 1289 2727 1352 comparare,

598 1397 759 1441 num
790 1378 999 1453 illam,
1037 1380 1093 1441 si
1123 1380 1184 1441 ei
1216 1380 1617 1458 proponitur,
1651 1396 1955 1458 respuere
1989 1380 2176 1442 debet
2203 1381 2231 1441 ?
2262 1381 2472 1456 Quam
2500 1399 2731 1463 quaes-

599 1487 841 1549 tionem
888 1486 1266 1565 interpretes
1298 1486 1625 1549 immerito
1660 1492 2049 1565 putaverunt
2094 1487 2377 1552 Paulum
2427 1489 2724 1568 agitasse.

598 1592 670 1655 Si
700 1595 913 1673 reipsa
957 1594 1362 1672 agitavisset‚
1406 1593 1629 1655 nullus
1671 1594 1898 1656 dubito
1940 1594 2103 1672 quin
2138 1611 2321 1659 servo
2360 1597 2725 1660 manumis-

599 1700 852 1763 sionem
882 1701 1301 1780 permisisset.
1337 1699 1464 1763 Sed
1489 1700 1677 1762 aliter
1702 1700 1960 1763 locutus
2000 1700 2232 1764 fuisset
2261 1720 2459 1781 qnam
2503 1703 2729 1766 volunt

598 1805 788 1869 illum
830 1807 1120 1869 locutum
1171 1824 1331 1869 esse.
1394 1807 1807 1869 Pei-misisset
1857 1806 2101 1869 scilicet
2147 1814 2260 1869 aut
2306 1810 2729 1874 concessisset

599 1912 718 1991 (Cf.
740 1914 801 1987 9,
828 1915 923 1989 15,
952 1913 1049 1987 28,
1076 1912 1202 1992 36),
1229 1931 1361 1976 non
1392 1913 1817 1993 praecepisset
1846 1931 1920 1976 ac
1949 1913 2083 1976 fere
2103 1916 2409 1995 jussisset
2437 1916 2731 1999 (ἀλλὰ-

598 2024 842 2103 μᾶλλον
868 2019 1093 2104 χρῆσαι)
1116 2054 1190 2065 -
1216 2015 1431 2102 (quasi
1463 2038 1725 2083 necesse
1750 2028 1918 2083 esset
1939 2020 2092 2082 talia
2109 2021 2339 2101 jubere
2360 2021 2408 2104 l)
2435 2057 2512 2069 -
2536 2030 2728 2104 atque

597 2129 812 2193 verbis
839 2147 1007 2209 quae
1043 2146 1336 2209 expresse
1367 2129 1724 2192 sententiae
1766 2129 1848 2191 ab
1880 2127 1992 2191 illo
2023 2130 2373 2210 explicatae
2403 2132 2728 2195 contradi-

597 2245 744 2300 cant
774 2234 887 2319 (1).
923 2237 1027 2298 Me
1052 2237 1306 2317 judice,
1344 2234 1529 2298 illam
1571 2236 2021 2316 quaestionem
2061 2236 2309 2301 Paulus
2353 2255 2471 2301 nec
2511 2240 2724 2319 pensi·
2770 2247 2773 2251 ’

595 2343 754 2405 tavit
776 2360 896 2406 nec
923 2343 1128 2422 igitur
1156 2343 1366 2407 solvit.

678 2451 927 2513 Pariter
956 2468 1150 2530 Super
1183 2449 1260 2531 μὴ
1287 2451 1488 2532 γίνεσθε
1521 2453 1697 2512 δοῦλοι
1728 2455 2038 2535 ἀνθρώπων,
2071 2452 2456 2533 interrogari
2487 2454 2732 2535 pomis·

598 2566 690 2621 set
725 2558 1071 2636 apostolus.
1117 2591 1196 2605 --
1237 2558 1359 2622 Sed
1399 2559 1780 2639 priusquam
1817 2560 2102 2622 dicimus
2147 2579 2314 2641 quae
2360 2563 2575 2642 rogari
2611 2581 2722 2644 po-

598 2667 896 2742 tuissent,
929 2665 1120 2728 refert
1147 2667 1492 2729 verborum
1529 2667 2076 2746 significationem
2107 2667 2412 2733 indicare.

679 2774 728 2834 E
758 2773 1102 2836 manifesta
1130 2774 1413 2836 duorum
1446 2773 1573 2837 loci
1619 2775 1727 2837 20-
1733 2775 1808 2835 24
1843 2776 2122 2854 partium
2158 2777 2573 2857 symmetria,
2620 2797 2726 2859 ap-

596 2890 772 2962 paret
814 2883 882 2943 in
927 2881 1034 2944 his
1079 2881 1289 2944 verbis
1326 2881 1607 2944 Paulum
1639 2883 1863 2963 jubere
1897 2884 2136 2947 liberos
2168 2884 2503 2966 (civiliter)
2542 2886 2725 2949 illam

592 2987 955 3051 libertatem
989 2988 1249 3051 civilem
1281 3005 1413 3051 non
1448 2988 1839 3052 abalienare.

675 3096 929 3158 Horum
985 3096 1331 3158 verborum
1397 3095 1639 3159 multae
1698 3104 1851 3158 sunt
1911 3068 2472 3178 interpretationes
2496 3147 2511 3177 ,
2562 3118 2726 3180 quas

595 3220 821 3266 omnes
849 3203 1181 3267 confutare
1211 3202 1401 3266 nobis
1433 3203 1506 3263 in
1540 3203 1763 3265 animo
1800 3221 1931 3267 non
1976 3212 2091 3268 est.
2135 3206 2213 3268 In
2249 3205 2561 3288 chrysost.
2614 3216 2725 3271 aut

593 3309 855 3373 Rite-kere
884 3317 946 3373 et
974 3308 1285 3391 Hofmann
1315 3311 1636 3373 sententia
1682 3329 1765 3374 ne
1804 3328 2283 3375 commoremur
2304 3361 2319 3390 ,
2350 3314 2725 3379 refellamus

594 3419 786 3480 modo
807 3416 988 3479 illam
1012 3416 1320 3504 Michaelis
1341 3427 1402 3479 et
1425 3395 1841 3498 Heydeiireich
1868 3437 1882 3481 ε
1911 3419 2189 3482 voluerit
2213 3421 2460 3484 Paulus
2484 3421 2724 3486 liberos

593 3522 969 3588 Corinthios
1000 3526 1317 3588 deterrere
1345 3526 1702 3605 quominus
1732 3545 1800 3589 se
1832 3528 1954 3589 sub
1983 3545 2221 3590 corona
2250 3530 2724 3593 venumdarent

594 3650 708 3711 pro
742 3631 1021 3694 utilitate
1055 3631 1322 3695 Christi.
1362 3633 1624 3695 Praeter
1656 3633 1976 3697 indicatas
2004 3652 2043 3696 a
2074 3634 2265 3698 Godet
2300 3636 2722 3717 objectiones,

595 3757 814 3802 nonne
851 3740 1031 3802 vides
1074 3739 1255 3801 illam
1288 3740 1672 3802 sententiam
1709 3742 1935 3803 sensui
1971 3750 2304 3805 contextus
2338 3761 2375 3804 a
2415 3761 2521 3805 me
2561 3744 2724 3807 defi-

595 3846 732 3908 nito
762 3847 1152 3910 contrariam
1180 3847 1373 3909 esse?
1404 3847 1552 3910 Nisi
1579 3866 1772 3927 supra
1802 3849 2035 3925 erravi,
2064 3856 2281 3911 errant
2310 3849 2420 3912 hic
2444 3850 2566 3913 illi.
2600 3853 2724 3914 Ex·

595 3951 855 4031 plicatio
884 3956 1094 4035 Meyer
1117 3971 1315 4033 quam
1342 3954 1638 4034 sequitur
1669 3953 1875 4031 Godet,
1900 3954 2069 4018 mihi
2090 3974 2320 4035 parum
2345 3958 2722 4037 accipienda

655 4207 722 4274 (1)
752 4208 1012 4260 Ceterum
1049 4207 1237 4260 multis
1278 4209 1400 4260 aliis
1438 4209 1622 4262 causis
1656 4212 1792 4263 haec
1832 4212 2023 4278 opinio
2061 4210 2364 4276 rejicienda
2393 4218 2504 4276 est,
2541 4218 2604 4266 ut
2635 4212 2723 4266 vi-

596 4299 725 4349 disti
773 4314 843 4350 ex
889 4313 1216 4363 praegressa
1261 4301 1612 4364 expositione
1652 4315 1716 4351 ac
1752 4300 1945 4352 videre
1987 4306 2146 4366 potes
2186 4303 2720 4367 argumentationem

594 4389 814 4440 illorum
844 4390 1180 4454 perlegendo
1209 4389 1305 4453 qui
1336 4390 1603 4442 adversus
1633 4390 1774 4443 hanc
1806 4392 2136 4444 sententiam
2166 4392 2502 4458 depugnant.
