3559 5609
1432 1233 2111 1321 PROOEMIUM

787 1983 863 2043 In
909 1980 1023 2044 illo
1067 1978 1288 2043 libello
1313 2027 1327 2055 ‚
1372 1978 1545 2056 noli,
1587 1977 1881 2041 Candide
1922 1978 2168 2053 Lector,
2210 1979 2634 2054 eruditioniS,
2672 1997 2840 2061 quae

707 2090 968 2166 dicitur,
1003 2104 1263 2167 operam
1299 2103 1630 2166 quaerere.
1672 2086 1974 2164 Namque
2003 2102 2136 2148 non
2175 2086 2388 2149 solum
2422 2087 2590 2150 mihi
2627 2088 2837 2150 neuti-

709 2213 907 2277 quam
936 2196 1326 2257 destinatum
1353 2194 1474 2255 fuit
1496 2194 1774 2273 priorem
1801 2191 1879 2253 ad
1907 2191 2279 2258 Corinthios
2302 2195 2642 2276 epistulam
2673 2212 2839 2258 com-

710 2303 1027 2366 mentario
1061 2300 1403 2381 explanare
1431 2308 1648 2377 totam,
1682 2300 1796 2362 sed
1827 2302 1904 2363 de
1937 2300 2092 2364 locis
2122 2301 2282 2381 ipsis
2311 2320 2470 2382 quos
2501 2304 2842 2371 enucleare

712 2411 996 2490 suscepi,
1029 2426 1180 2479 cum
1222 2408 1444 2471 omnia
1491 2426 1656 2490 quae
1699 2426 1851 2470 vera
1890 2410 2192 2489 justaque
2234 2411 2305 2471 in
2356 2414 2844 2477 commentariis

713 2516 1016 2594 legissem
1064 2531 1431 2593 excerpere,
1489 2521 1624 2575 tum
1675 2513 1900 2577 omnia
1948 2533 2111 2594 quae
2164 2516 2330 2577 mihi
2388 2517 2548 2579 falsa
2603 2520 2849 2584 fuerint

715 2624 855 2685 visa
886 2621 1178 2685 refellere
1212 2620 1506 2685 consulto
1538 2622 1959 2697 praetermisi.
1997 2621 2064 2684 Si
2112 2622 2246 2686 ullo
2288 2624 2477 2687 modo
2510 2625 2654 2687 fieri
2695 2646 2848 2707 pos-

714 2740 843 2807 set,
880 2747 1050 2793 nova
1094 2730 1324 2791 afferre
1371 2728 1572 2792 volui.
1622 2730 1804 2792 Locis
1849 2730 2234 2810 quibusdam
2275 2733 2549 2812 exceptis
2579 2732 2671 2814 (et
2714 2742 2849 2797 tum

713 2838 1017 2900 lectorem
1049 2853 1459 2899 commonere
1496 2836 1722 2900 solitus
1753 2842 1957 2914 sum),
1988 2838 2058 2899 in
2092 2838 2328 2917 quihus
2366 2848 2612 2903 veteres
2640 2842 2848 2905 inter-

717 2945 1103 3024 pretationes
1138 2945 1439 3005 renuntio
1476 2944 1633 3023 quia
1678 2943 1778 3006 vel
1822 2943 2063 3007 oblitae
2104 2946 2267 3007 mihi
2315 2947 2489 3009 visae
2526 2958 2678 3011 sunt
2701 3000 2715 3027 ,
2749 2950 2852 3013 vel

718 3051 866 3128 illas
909 3050 1272 3114 existimavi
1321 3052 1506 3112 novis
1550 3053 1954 3129 argumentis
2004 3053 2375 3115 confirmari
2399 3072 2641 3134 posse,
2696 3076 2852 3120 nus-

720 3176 915 3239 quam
949 3165 1298 3220 occurrunt
1331 3157 1490 3219 alibi
1524 3161 1973 3221 annotationes
2003 3159 2153 3222 illae
2183 3178 2346 3241 quae
2383 3164 2451 3223 in
2491 3180 2679 3242 opere
2712 3182 2855 3229 meo

721 3264 1141 3328 continentur
1170 3262 1366 3343 (quod
1397 3263 1594 3325 sciam
1626 3263 1954 3326 saltem—
1978 3266 2221 3327 etenim
2247 3284 2379 3330 non
2409 3273 2657 3332 tantum
2690 3272 2855 3333 mihi

721 3390 926 3446 sumo,
966 3372 1340 3452 praesertim
1376 3389 1526 3433 cum
1572 3373 1704 3433 sint
1738 3390 1933 3452 quam
1975 3372 2256 3450 plurima
2291 3378 2614 3455 exegetica
2640 3395 2852 3458 opera,

721 3490 793 3543 ut
819 3478 1042 3543 omnia
1073 3480 1328 3541 novisse
1367 3478 1624 3541 credam
1648 3524 1668 3555 ‚
1709 3497 1874 3559 quae
1907 3479 2141 3559 scripta
2173 3481 2304 3543 sint
2333 3501 2523 3562 super
2552 3485 2855 3549 omnibus

720 3588 919 3668 hujus
949 3584 1258 3665 epistulae
1289 3585 1630 3668 versibus).
2749 3671 2754 3680 .

803 3693 989 3756 Nihil
1018 3701 1113 3755 est
1140 3693 1339 3771 igitur
1368 3710 1482 3754 cur
1511 3693 1770 3755 mireris
1802 3710 2001 3772 pauca
2028 3695 2453 3775 interpretum
2483 3700 2753 3761 nomina
2784 3701 2857 3763 in

726 3802 846 3864 hoc
892 3799 1196 3878 opusculo
1229 3798 1429 3860 citari.
1483 3800 1710 3879 Neque
1747 3799 2010 3862 mireris
2045 3789 2328 3881 amplius
2369 3821 2602 3867 nomen
2649 3806 2854 3870 inter-

725 3907 921 3990 pretis
956 3906 1145 3968 Godet
1177 3906 1703 3986 frequentissime
1737 3909 1908 3970 inter
1946 3910 2167 3970 omnia
2196 3911 2463 3973 nomina
2502 3931 2853 3978 recursare.

724 4048 803 4062 --
832 4014 1014 4090 Quod
1050 4031 1164 4075 cur
1191 4014 1281 4074 ita
1306 4015 1616 4092 evenerit,
1650 4015 1730 4076 ad
1764 4015 2266 4095 intelligendum
2298 4019 2601 4096 perfacile
2635 4046 2647 4082 :
2680 4022 2856 4085 illius

728 4121 1007 4199 theologi
1029 4122 1568 4183 commentarium
1594 4124 2114 4185 recentissimum
2141 4134 2251 4187 est.
2287 4126 2383 4186 Ad
2404 4128 2574 4206 quod
2606 4130 2859 4209 saepius

727 4231 1021 4292 animum
1067 4228 1395 4290 reflectere
1447 4229 1889 4292 conveniebat.
1948 4234 2082 4292 Aut
2140 4232 2319 4293 enim
2364 4234 2447 4294 ad*
2502 4245 2857 4299 ceterorum

730 4336 1118 4399 sententiam
1151 4334 1394 4398 accedit
1421 4334 1626 4414 Godet,
1663 4354 1859 4416 quem
1888 4337 2087 4416 igitur
2113 4339 2671 4404 refutans-ceteros
2710 4361 2861 4422 quo-

2494 4451 2519 4510 1
