3559 5609
840 801 903 855 44
1818 804 1914 867 IV,
1949 806 1995 856 6.

1791 1032 1916 1107 lv,
1963 1032 2021 1092 6.

926 1246 1283 1326 Suspensos
1335 1246 1572 1309 multos
1629 1248 2009 1326 interpretes
2065 1255 2326 1308 tenuere
2381 1247 2572 1308 verba
2627 1245 2703 1326 μὴ
2752 1244 2879 1329 ὑπὲρ
2939 1247 2973 1304 ἂ

842 1352 1152 1436 γέγραπται.
1202 1354 1429 1433 Neque
1474 1355 2035 1435 interpretationes
2075 1372 2234 1433 quas
2268 1354 2456 1416 Godet
2491 1355 2728 1433 sprevit
2761 1372 2972 1433 neque

844 1459 1047 1541 ipsius
1110 1460 1297 1524 Godet
1349 1462 1792 1541 interpretatio
1847 1462 2001 1524 ferri
2045 1478 2333 1541 possunt.
2391 1463 2643 1524 Asserit
2690 1462 2862 1521 enim
2915 1459 2974 1522 is

846 1567 1259 1631 acutissimus
1303 1568 1622 1649 interpres
1674 1570 1741 1630 in
1794 1568 1897 1630 his
1941 1570 2148 1631 verbis
2198 1570 2609 1648 proverbium
2651 1568 2971 1647 quoddam

843 1675 1056 1737 inesse
1100 1675 1268 1755 quod
1329 1676 1397 1736 in
1461 1700 1488 1732 α
1548 1677 1896 1738 rabbinicis
1951 1699 1981 1732 »
2030 1676 2263 1739 scholis
2321 1684 2697 1759 usurpatum
2755 1675 2970 1736 fuerit.

844 1780 1198 1844 Corinthiis
1246 1801 1402 1845 sane
1448 1783 1689 1846 Paulus
1735 1784 2498 1872 formulam-hujusmodi
2551 1799 2976 1861 normamque

845 1890 996 1951 dare
1026 1888 1265 1971 potuit3
1300 1908 1431 1953 non
1464 1900 1703 1969 poterat
1735 1901 1951 1953 autem
1983 1892 2063 1952 ad
2094 1910 2162 1952 se
2200 1891 2411 1970 ipsum
2442 1908 2547 1951 eas
2580 1891 2977 1969 pertinentes

845 2004 1088 2077 putare.
1143 1999 1312 2060 Nam
1358 1998 1508 2060 licet
1564 2000 1971 2077 proverbium
2018 1999 2100 2059 sit
2139 1997 2508 2078 quodlibet,
2565 1996 2745 2059 nullo
2790 1995 2976 2058 modo

844 2106 987 2167 fieri
1012 2113 1215 2185 potest
1243 2114 1311 2168 ut
1336 2105 1578 2168 Paulus
1609 2125 1676 2167 se
1703 2108 1916 2186 ipsum
1938 2105 2291 2186 apostolum
2320 2104 2599 2166 declaret
2626 2106 2977 2183 scripturae

845 2212 1100 2274 cuidam
1143 2213 1506 2293 subjectum
1561 2231 1719 2275 esse.
1780 2214 1995 2275 Potest
2052 2230 2207 2273 sane
2262 2213 2574 2293 scriptura
2621 2209 2732 2271 illa
2778 2208 2977 2270 Paulo

846 2320 968 2381 alia
998 2339 1133 2382 esse
1164 2339 1235 2382 ac
1267 2312 1557 2382 rabbinis
1609 2345 1622 2382 :
1660 2340 1913 2400 semper
1946 2329 2165 2383 autem
2198 2327 2291 2381 est
2338 2319 2676 2398 scriptura.
2730 2316 2979 2378 Iudicat

853 2427 1041 2491 Godet
1082 2445 1326 2490 sacram
1375 2429 1756 2507 scripturam
1811 2454 1823 2489 ε
1877 2453 1902 2484 α
1943 2429 2067 2489 elle
2110 2429 2224 2508 qui
2261 2435 2515 2507 partout
2564 2426 2876 2503 enseigne
2919 2424 2979 2485 le

851 2539 1048 2595 neant
1095 2535 1172 2595 de
1204 2534 1552 2597 l'bomme!
1597 2514 1849 2610 »Quae
1895 2535 2058 2596 dura
2100 2534 2544 2614 interpretatio
2585 2533 2748 2602 ultra
2781 2549 2974 2611 quam

848 2619 1004 2702 satis
1034 2649 1128 2702 est
1158 2640 1418 2722 petitur.
1449 2642 1593 2703 Nisi
1619 2643 1813 2704 verba
1844 2642 2087 2703 inferas
2117 2643 2183 2703 in
2220 2651 2462 2704 textum
2491 2660 2529 2703 a
2565 2648 2734 2703 textu
2770 2656 2979 2719 neque

849 2746 1018 2811 dicta
1051 2766 1263 2829 neque
1297 2748 1638 2829 postulata,
1688 2767 1871 2812 voces
1905 2750 1986 2811 de
2016 2751 2253 2829 quibus
2282 2766 2463 2811 nunc
2509 2748 2764 2827 agitur,
2801 2744 2982 2807 nullo

848 2856 1072 2936 utique
1105 2856 1365 2919 vinculo
1395 2875 1542 2919 cum
1576 2866 1876 2920 contextu
1909 2858 2319 2936 colligantur.

930 2963 1169 3026 Dubito
1201 2982 1361 3030 num
1396 2964 1556 3027 haec
1597 2983 1754 3026 sana
1806 2966 1936 3026 sint
1965 2964 2057 3047 (1)
2096 2986 2110 3026 :
2144 2972 2244 3042 et,
2281 2963 2417 3026 cod.
2454 2963 2827 3043 perspectiS,
2861 2960 2981 3021 du-

760 3079 767 3088 ·
848 3071 1076 3135 bitatio
1101 3074 1346 3135 crescit.
1381 3075 1679 3138 Primum
1701 3074 1875 3135 enim
1898 3082 2106 3135 textus
2126 3072 2512 3164 byzantinus
2535 3078 2674 3151 post
2693 3069 2982 3153 γέγραπται

849 3178 1027 3239 addit
1077 3184 1297 3262 φρονεῖν.
1342 3180 1421 3241 Et
1462 3198 1601 3257 ego,
1657 3181 1822 3242 sicut
1862 3178 2086 3255 Godet‚
2141 3180 2533 3242 auctoritatis
2583 3187 2831 3240 tantum
2887 3176 2983 3238 illi

851 3286 988 3349 cod.
1017 3287 1298 3347 tribuere
1329 3299 1585 3367 paratus
1615 3306 1796 3363 sum,
1823 3306 2018 3366 quam
2047 3288 2185 3350 cod.
2215 3286 2616 3349 alexandrin.
2646 3285 2746 3347 vel
2771 3303 2979 3364 graec.

853 3391 963 3454 lat.
996 3424 1078 3439 —
1115 3393 1279 3455 Tum
1323 3393 1558 3467 etiam,
1608 3394 1759 3455 dum
1804 3395 1947 3457 cod.
1988 3413 2196 3472 graec.
2248 3394 2355 3454 lat.
2401 3402 2462 3454 et
2504 3393 2646 3473 byz.
2693 3392 2919 3470 legunt
2949 3390 2986 3450 θ

856 3496 1205 3582 (γέγραπτ.),
1244 3499 1469 3578 legunt
1519 3510 1740 3563 contra
1790 3501 1928 3564 cod.
1978 3500 2306 3563 alexandr.
2368 3500 2402 3558 ἃ
2454 3498 2679 3582 (γέγρ.).
2735 3499 2822 3560 Ex
2859 3514 2985 3579 quo

858 3616 1061 3687 potest
1104 3607 1520 3686 probabiliter
1565 3609 1798 3671 confici
1839 3625 2194 3688 pronomen
2238 3608 2410 3669 istud
2457 3608 2633 3667 varie
2678 3607 2982 3685 scripturn

853 3715 1024 3776 male
1056 3715 1297 3778 sedulis
1326 3716 1851 3779 emendatoribus
1881 3716 2126 3791 deberi,
2160 3716 2271 3795 qui
2303 3723 2658 3777 statuerent
2685 3713 2982 3775 lacunam

740 3870 748 3877 .
855 3820 1165 3903 illamque
1203 3823 1457 3903 explere
1491 3833 1821 3904 cuperent.
1861 3823 1866 3828 ’

932 3928 1226 4008 Cogitavi
1257 3929 1459 4007 igitur
1493 3948 1574 3990 an
1614 3930 1769 3992 forte
1803 3931 1870 3990 in
1915 3931 2035 4007 III,
2074 3930 2150 3991 20
2180 3929 2271 3990 καὶ
2303 3930 2460 3990 πάλιν
2490 3938 2570 4000 <
2592 3929 2881 4012 γέγραπται
2908 3939 2985 4000 >

855 4036 1204 4112 legendum
1253 4044 1454 4110 esset,
1507 4037 1875 4117 Paulusque
1905 4038 1973 4097 in
2022 4038 2156 4112 IV,
2210 4038 2244 4097 6
2290 4038 2350 4097 τὸ
2389 4036 2467 4117 μὴ
2515 4042 2845 4120 ὑπερφρονεῖν
2877 4036 2984 4097 de-

920 4277 986 4340 (1)
1016 4276 1201 4328 Primo
1233 4278 1458 4341 quidem
1489 4278 1757 4344 adspectu
1787 4280 2024 4328 libenter
2053 4279 2207 4328 illum
2235 4281 2271 4330 l.
2308 4280 2588 4330 conferres
2624 4292 2748 4329 cum
2776 4278 2807 4328 2
2837 4277 2986 4336 Cor„

863 4366 905 4428 Ι,
943 4367 998 4417 13
1031 4381 1041 4416 z
1080 4386 1103 4413 «
1134 4369 1192 4419 οὐ
1213 4368 1313 4433 ,γὰρ
1345 4368 1468 4419 ἄλλα
1494 4369 1738 4435 γράφομεν
1764 4371 1880 4433 ὑμῖν
1908 4370 2011 4420 ἀλλ’
2039 4371 2069 4430 ἢ
2100 4370 2133 4419 ἃ
2160 4370 2543 4433 ἀναγινώσκετε.
2577 4385 2601 4417 »
