3559 5609
1476 865 1607 927 vn,
1644 865 1752 917 6-9.
2624 862 2675 916 6¹

552 983 840 1057 cundum
888 982 1241 1059 imperium
1281 981 1504 1062 (velim
1535 982 1713 1043 enim
1750 980 2029 1059 profecto
2073 996 2301 1041 omnes
2340 996 2479 1042 esse
2517 980 2687 1042 sicut

552 1091 921 1169 meipsum3
972 1090 1083 1151 sed
1129 1089 1333 1151 fateor
1387 1106 1929 1167 unumquemque
1971 1087 2302 1167 proprium
2360 1087 2687 1149 charisma

552 1197 838 1279 habere),
881 1198 1026 1259 dico
1061 1197 1307 1260 scilicet
1344 1195 1780 1259 coelibibus...
1825 1220 1851 1253 n
1892 1231 1967 1240 —
2013 1194 2202 1258 Godet
2231 1194 2457 1257 multis
2486 1195 2686 1268 inter:

555 1305 841 1384 pretihus
875 1306 1078 1385 (Beze,
1118 1305 1389 1379 Grotius,
1420 1304 1492 1366 de
1536 1304 1758 1379 Wette,
1796 1300 2139 1384 Hofmann)
2172 1302 2535 1366 assentiens
2566 1321 2686 1381 pu-

556 1420 641 1474 tat
673 1431 841 1493 quae
870 1413 1116 1475 Paulus
1146 1411 1285 1473 κατὰ
1316 1411 1620 1494 συνγνώμην
1653 1412 1843 1486 dicit,
1876 1411 1988 1473 illa
2023 1412 2102 1472 ad
2134 1411 2426 1474 officium
2461 1411 2688 1474 matri·-

556 1522 775 1584 monia
797 1521 1170 1584 conferendi
1196 1522 1538 1600 pertinere.
1568 1519 1941 1598 Simplicior
1964 1520 2493 1599 commodiorque
2520 1519 2689 1581 mihi

554 1647 696 1692 mea
717 1627 1056 1707 explicatio
1086 1629 1363 1690 videtur.
1392 1628 1651 1691 Etenim
1683 1627 1750 1688 in
1779 1632 1952 1689 textu
1973 1627 2052 1688 de
2082 1626 2206 1688 isto
2227 1626 2398 1706 quod
2430 1625 2690 1704 fingunt

553 1737 768 1798 officio
812 1735 994 1798 nullo
1029 1736 1220 1798 modo
1263 1736 1500 1813 agitur.
1547 1737 1883 1797 Praeterea
1932 1735 1985 1796 si
2027 1734 2105 1796 de
2154 1732 2264 1796 illo
2302 1733 2370 1795 in
2404 1734 2688 1796 secundo

553 1851 850 1921 ageretur
890 1861 1115 1919 versu,
1164 1861 1354 1906 nemo
1401 1850 1567 1905 esset
1609 1842 1726 1921 qui
1776 1860 1836 1902 v,
1888 1842 1921 1902 6
1970 1842 2050 1903 ad
2081 1860 2141 1901 v.
2189 1841 2227 1901 ἲ
2277 1840 2688 1905 referendum

553 1952 860 2015 crederet.
896 1952 1175 2014 Necesse
1201 1958 1297 2013 est
1327 1951 1505 2013 enim
1538 1950 1718 2013 hunc
1759 1950 1841 2011 ad
1870 1950 2018 2012 illos
2050 1949 2275 2012 referri
2303 1951 2421 2030 qui
2450 1950 2551 2013 vel
2575 1967 2688 2013 su-

556 2078 664 2138 pra
693 2060 794 2122 vel
824 2060 996 2121 infra
1028 2058 1305 2139 proximi
1338 2064 1513 2120 sunt.
1544 2057 1844 2137 Denique
1876 2056 2158 2120 Paulum
2179 2057 2251 2118 in
2282 2075 2341 2120 v,
2372 2058 2449 2120 28
2471 2065 2531 2120 et
2551 2075 2683 2139 seq.

553 2167 837 2245 legentes
866 2167 1293 2229 deterrentem
1326 2184 1363 2227 a
1392 2165 1726 2229 connubio
1760 2165 2061 2228 videmus
2095 2189 2107 2226 ε
2141 2165 2351 2244 quod,
2389 2172 2459 2227 ut
2488 2166 2687 2242 dicit,

552 2274 614 2334 οὐ
649 2275 769 2336 κατ’
803 2273 1057 2354 ἐπιταγήν
1084 2274 1175 2350 (ν.
1212 2273 1314 2354 25)
1343 2273 1498 2350 agit,
1544 2273 1654 2336 sed
1685 2272 1987 2334 animum
2020 2272 2367 2336 intendens
2395 2273 2474 2335 ad
2508 2272 2689 2335 utili-

554 2387 746 2444 tatem
781 2380 1274 2444 Corinthiorum
1308 2380 1817 2459 felicitatemque
1850 2379 1989 2460 (32,
2029 2379 2105 2443 35
2140 2426 2155 2453 ,
2204 2379 2338 2459 40),
2384 2387 2455 2443 ut
2492 2380 2691 2461 prosit

552 2487 688 2552 illis
714 2488 984 2573 (φείδομαι
1010 2507 1070 2550 v,
1097 2488 1222 2570 28),
1261 2495 1329 2551 ut
1359 2488 1503 2551 sine
1531 2488 1731 2563 curis,
1760 2488 1904 2550 sine
1930 2504 2220 2552 moerore
2243 2495 2685 2567 permaneant.

555 2596 781 2676 Itaque
816 2597 951 2659 veri
994 2595 1284 2659 similius
1314 2603 1409 2659 est
1453 2612 1603 2658 cum
1648 2596 1718 2655 in
1751 2595 2018 2673 primis,
2067 2602 2206 2657 tum
2234 2595 2305 2657 in
2344 2595 2596 2660 ultimis
2624 2615 2683 2658 v.

553 2706 859 2785 συνγνώμην
892 2705 1391 2767 commemorari
1421 2710 1501 2770 de
1533 2703 1975 2765 matrimoniis
2005 2720 2136 2765 non
2174 2703 2603 2767 conferendis.

636 2811 869 2873 Procul
904 2811 1168 2874 veritate
1198 2812 1412 2886 abest,
1461 2811 1635 2890 quod
1678 2810 1975 2872 dictitant
2024 2810 2402 2890 interpretes
2441 2813 2688 2875 ‘reddit-

554 2935 682 2996 que
712 2916 900 2979 Godet
922 2965 937 2993 ,
971 2937 1005 2981 e
1035 2919 1248 2981 verbis
1280 2912 1354 2986 ὧς
1383 2917 1473 2979 καὶ
1508 2916 1735 2998 ἐμαυτόν
1764 2935 2069 2996 apparere
2104 2918 2386 2980 Paulum
2412 2919 2688 2982 viduum

559 3013 688 3086 non
721 3025 924 3087 fuisse
952 3032 1013 3086 et
1042 3043 1345 3103 apparere
1374 3026 1641 3106 quidem
1665 3032 1837 3088 certo
1866 3026 2129 3088 certius.
2161 3050 2189 3081 α
2217 3025 2363 3102 Car,
2402 3050 2430 3082 ν
2465 3027 2691 3089 scribit

563 3129 778 3207 Godet,
817 3153 844 3186 α
887 3138 1211 3195 comment
1244 3133 1539 3194 aurait-il
1581 3152 1666 3213 pu
1708 3134 2033 3212 exprimer
2061 3133 2121 3195 16
2147 3134 2342 3204 desir
2383 3151 2510 3213 que
2543 3139 2691 3198 tous

557 3237 649 3300 les
686 3238 979 3301 hommes
1025 3239 1283 3302 fussent
1314 3241 1538 3304 veuls!
1594 3266 1619 3296 ι
1680 3241 1924 3304 Eodem
1959 3248 2346 3319 argumento
2382 3242 2687 3306 demons-

558 3352 723 3407 trare
772 3345 1079 3424 polliceor
1128 3346 1332 3409 Paulo
1382 3365 1539 3410 suae
1596 3365 1937 3429 nunquam
1985 3348 2209 3410 datum
2249 3348 2455 3412 fuisse
2496 3348 2690 3414 illum

556 3451 896 3515 stimulum
931 3454 1148 3516 earnis
1170 3502 1184 3528 ,
1217 3456 1458 3534 quippe
1487 3456 1603 3534 qui
1642 3473 1772 3518 non
1807 3455 2019 3518 solum
2050 3457 2130 3518 ad
2165 3456 2425 3520 Galatas
2459 3458 2692 3522 scribe-

553 3566 648 3623 ret
681 3581 693 3621 ι
731 3560 931 3641 γίνεσθε
963 3566 1036 3629 ὡς
1084 3561 1193 3641 ἐγώ
1217 3607 1234 3635 ,
1290 3561 1372 3622 ὅτι
1413 3560 1565 3642 κάγὼ
1609 3569 1682 3631 ὡς
1723 3566 1875 3644 ὑμεῖς
1922 3563 2064 3643 (IV,
2121 3564 2252 3642 12),
2305 3582 2437 3627 non
2477 3565 2690 3628 solum

553 3667 874 3746 Agrippae
896 3669 1310 3746 responderet
1350 3693 1362 3730 ε
1397 3669 1647 3750 εὐξαίμην
1675 3669 1737 3731 ἂν
1763 3675 1841 3752 τῷ
1870 3674 1971 3754 θεῷ
1999 3670 2091 3731 καὶ
2117 3671 2170 3730 ἐν
2199 3666 2363 3754 ὀλίγῳ
2392 3671 2483 3733 καὶ
2515 3673 2568 3731 ἐν
2598 3694 2693 3752 μι-

552 3774 700 3857 γάλῳ
723 3776 782 3834 οὗ
813 3773 967 3853 μόνον
996 3773 1056 3835 σὲ
1085 3774 1225 3835 ἀλλὰ
1255 3775 1347 3836 καὶ
1378 3779 1579 3844 πάντας
1609 3776 1727 3845 τοὺς
1757 3775 2040 3845 ἀκούοντάς
2070 3801 2172 3857 μου
2203 3778 2426 3861 σήμερον
2454 3777 2691 3859 γενέσθαι

552 3879 815 3949 τοιούτους
840 3887 1020 3949 ὁποῖος
1049 3880 1200 3962 κάγώ
1229 3886 1340 3962 εἰμι
1370 3882 1568 3965 (Act.‚
1604 3884 1853 3960 XXVI,
1891 3884 1993 3967 29)
2017 3884 2127 3965 (1),
2162 3885 2273 3947 sed
2299 3885 2494 3947 etiam
2520 3904 2686 3951 vers.

554 3989 704 4064 V11,
744 3990 852 4049 7-8
884 3988 1199 4067 epistulae
1233 3998 1489 4054 nostrae
1520 3991 1712 4071 paulo
1741 3999 1891 4053 ante
1925 3991 2107 4053 illam
2149 3993 2184 4052 2
2224 3993 2305 4053 ad
2340 3990 2485 4055 Cor.
2523 3994 2689 4073 epis·

557 4095 758 4158 tulam
788 4113 955 4174 quae
984 4095 1063 4158 de
1093 4097 1360 4178 stimulo
1389 4099 1606 4162 carnis
1638 4098 1967 4178 loquatur,
2004 4099 2264 4180 scribat,
2298 4100 2430 4163 fere
2460 4100 2687 4179 igitur,

616 4350 685 4415 (1)
717 4349 1111 4403 Animadverte
1142 4351 1296 4403 illum
1326 4351 1550 4406 vincula
1579 4370 1682 4405 sua
1710 4355 1988 4419 excipere.
2011 4381 2075 4394 -
2093 4354 2240 4420 Ergo
2269 4357 2553 4408 stimulum
2579 4371 2688 4407 car·

556 4442 642 4491 nis
671 4456 787 4492 non
813 4442 1048 4505 excipit!
