3559 5609
820 844 883 894 κει
1699 842 1751 903 1,
1793 841 1992 906 17-111,
2031 844 2077 893 9.

822 961 899 1022 V.
938 959 1034 1028 τὰς
1062 959 1209 1027 ὁδούς
1239 982 1340 1039 μου
1371 958 1638 1021 vivendi
1672 958 1987 1020 rationem
2017 957 2284 1038 apostoli
2314 957 2689 1037 designare,
2722 976 2947 1021 conce-

820 1067 971 1129 dere
1000 1067 1265 1147 possim.
1306 1067 1450 1127 Mea
1483 1074 1701 1127 autem
1745 1066 2066 1127 sententia
2094 1085 2156 1126 v,
2190 1066 2420 1126 διδάσκω
2453 1083 2582 1129 non
2615 1068 2952 1145 angustius

819 1175 1028 1251 valet,
1090 1174 1280 1235 latius
1339 1181 1560 1234 contra
1619 1178 1788 1253 patet
1844 1183 1906 1233 et
1958 1172 2395 1234 communius,
2460 1172 2650 1235 Godet
2691 1173 2946 1253 judice,

817 1302 878 1345 v.
911 1294 1184 1363 πανταχοῦ
1215 1288 1274 1341 et
1308 1284 1361 1339 ἐν
1393 1281 1538 1361 πάσῃ
1569 1279 1823 1364 ἐκκλησίᾳ
1860 1279 2309 1359 pleonasmum
2340 1282 2591 1343 efficere
2622 1282 2945 1343 videntur.

816 1390 908 1452 Ex
958 1389 1278 1451 industria
1325 1396 1542 1449 autem
1593 1388 1795 1449 factus
1845 1396 1939 1447 est
1992 1389 2424 1467 pleonasmus,
2476 1388 2716 1450 Paulus
2766 1386 2953 1451 Godet

813 1497 1185 1576 opinionem
1231 1495 1301 1555 in
1353 1504 1759 1556 antecessum
1805 1494 2123 1569 confutat,
2167 1512 2241 1556 ac
2288 1496 2359 1556 in
2406 1513 2479 1558 eo
2521 1504 2954 1559 commoratur

813 1603 983 1683 quod
1036 1605 1174 1683 ejus
1224 1602 1532 1682 professio
1585 1602 1828 1681 ubique
1876 1620 1950 1663 ac
1999 1620 2250 1681 semper
2304 1604 2526 1664 eadem
2584 1605 2686 1664 sit.
2740 1605 2948 1677 Quam

812 1731 958 1775 cum
996 1711 1285 1774 carnales
1317 1711 1645 1773 Corinthii
1673 1710 2043 1789 imperfecte
2073 1710 2534 1787 intellexerint,
2571 1729 2828 1774 necesse
2857 1721 2954 1774 est

722 1895 729 1901 ·
813 1827 882 1882 ut
930 1837 1072 1880 eam
1107 1817 1238 1879 illis
1278 1825 1760 1879 commemoret.
1793 1849 1874 1864 —
1913 1817 2100 1890 Quod
2141 1818 2220 1879 ad
2270 1817 2484 1894 illam,
2530 1836 2725 1899 quam
2756 1820 2953 1900 jactat

815 1925 1028 2002 Godet,
1066 1925 1234 1986 vitae
1260 1942 1409 1986 cum
1440 1910 1733 1986 doctrina
1773 1925 2269 2001 congruentiam
2310 1928 2617 2005 pertinet,
2654 1944 2848 2006 quam
2879 1927 2949 1986 in

814 2032 1181 2112 exemplum
1213 2031 1591 2112 proponeret
1619 2052 1692 2095 ac
1729 2052 1895 2112 quae
1929 2017 1994 2093 νζ
2020 2036 2197 2101 καθώς
2227 2034 2656 2107 indicaretur,
2697 2035 2843 2097 ficta
2878 2052 2950 2096 ac

783 2150 1220 2222 praepostera
1250 2145 1317 2203 in
1366 2139 1664 2202 contextu
1700 2142 1977 2205 videtur.
2011 2142 2347 2203 Timotheo
2378 2159 2508 2203 non
2541 2151 2950 2222 praeceptum

815 2257 950 2310 erat
983 2248 1337 2310 Corinthiis
1369 2249 1580 2309 dicere
1616 2272 1628 2307 z
1670 2272 1699 2304 «
1735 2248 1948 2309 Estote
1980 2257 2049 2309 ut
2076 2248 2318 2310 Paulus
2347 2247 2413 2330 (v
2452 2247 2570 2330 16).
2615 2250 2828 2311 Vitam
2861 2269 2952 2311 se-

816 2357 1101 2419 cundum
1141 2355 1499 2418 doctrinam
1544 2364 1823 2417 vestram
1868 2355 2149 2433 dirigite.
2195 2380 2222 2411 »
2259 2357 2427 2417 Nam
2463 2355 2950 2419 Corinthiorum

816 2461 1173 2523 doctrinam
1227 2479 1356 2523 non
1406 2462 1625 2521 minus
1678 2478 1837 2540 opus
1889 2468 2024 2522 erat
2077 2461 2425 2523 emendare
2481 2477 2690 2540 quam⁴
2728 2463 2947 2523 vitam.

819 2568 1117 2632 Ceterum
1182 2569 1368 2631 Godet
1424 2569 1739 2648 suspicari
1793 2586 1923 2630 non
1986 2570 2238 2631 videtur
2293 2588 2359 2632 se
2414 2579 2952 2650 propugnatorem

818 2675 959 2735 fieri
1006 2674 1444 2735 doctrinarum
1478 2672 2048 2735 rationalistorum.
2090 2675 2174 2737 Ut
2202 2674 2375 2743 καθὼς
2422 2676 2655 2736 διδάσκω
2692 2675 2952 2737 vocibus

819 2780 913 2849 τὰς
943 2780 1090 2849 ὁδούς
1126 2780 1393 2859 explicet
1425 2780 1548 2861 (1),
1584 2782 1741 2842 duas
1790 2790 1996 2861 partes
2042 2784 2111 2842 in
2159 2782 2351 2844 Pauli
2388 2784 2779 2863 professione
2820 2784 2953 2845 dis-

823 2888 1060 2966 tinguit
1086 2913 1097 2948 :
1136 2906 1360 2957 unam,
1395 2905 1560 2966 quae
1593 2890 1669 2949 de
1693 2889 1981 2950 moribus
2011 2897 2071 2949 et
2096 2889 2175 2950 de
2206 2891 2335 2951 vita
2360 2897 2474 2965 est,
2503 2890 2611 2951 cui
2637 2890 2953 2952 rat-ionem

819 2997 1084 3058 vivendi
1123 2996 1604 3059 accommodare
1640 3015 1894 3075 semper
1937 2998 2247 3059 debemus
2286 2996 2502 3077 (Rom.
2558 2997 2753 3079 XII),
2796 2998 2952 3059 alte-

817 3124 957 3168 ram
988 3116 1200 3168 autem
1233 3106 1691 3186 speculativam
1716 3155 1729 3181 ‚
1760 3106 2248 3186 metaphyscam
2285 3115 2354 3168 ut
2386 3107 2571 3169 aiunt
2597 3157 2610 3184 ‚
2645 3124 2810 3186 quae
2856 3107 2954 3166 vi-

819 3220 918 3275 tae
948 3213 1193 3274 nullius
1224 3223 1318 3275 est
1345 3214 1680 3275 momenti.
2298 3285 2303 3290 ⁶

905 3321 1060 3381 Vers
1090 3321 1227 3395 III,
1263 3320 1504 3394 16-IV‚
1538 3319 1575 3380 6
1607 3321 1794 3398 quasi
1835 3323 2261 3383 summarium
2301 3323 2638 3384 continent
2672 3322 2954 3402 disputa-

820 3426 1020 3488 tionis
1050 3426 1129 3488 de
1159 3426 1367 3487 sectis,

903 3533 1062 3593 Vers
1102 3533 1281 3593 16-17
1326 3532 1386 3592 τὸ
1425 3531 1738 3613 μεμέριστὰι
1777 3539 1806 3593 ὁ
1840 3532 2065 3616 Χριστός
2094 3534 2186 3616 (Ι,
2227 3533 2325 3616 13)
2354 3536 2695 3615 recipiunt.
2734 3571 2813 3583 -—
2857 3538 2957 3600 De

820 3641 1053 3703 horum
1083 3641 1359 3703 duorum
1389 3638 1431 3699 l.
1469 3640 1943 3717 significatione
1974 3642 2121 3703 vide
2155 3660 2322 3721 quae
2352 3661 2542 3722 super
2571 3643 2726 3719 XII,
2764 3645 2832 3705 12
2862 3643 2955 3704 di-

821 3747 1049 3808 cimus,

901 3854 1063 3915 Vers
1117 3852 1291 3915 18-20
1344 3853 1690 3936 includunt
1742 3872 1975 3916 novam
2028 3857 2377 3934 sapientiae
2422 3857 2745 3920 humanae
2796 3875 2953 3921 con-

821 3961 1329 4023 demnationem.

888 4230 952 4293 (1)
980 4230 1177 4279 Nonne
1208 4231 1403 4279 melius
1430 4231 1501 4279 sit
1525 4233 1610 4288 τὰς
1641 4234 1781 4289 ὁδούς
1808 4249 1900 4295 μου
1920 4234 2151 4282 vocibus
2173 4216 2330 4292 καθὼς
2358 4236 2575 4285 διδάσκω
2601 4237 2953 4306 interpretari

825 4348 887 4358 —
915 4322 971 4370 id
1009 4326 1090 4369 est
1122 4321 1444 4370 obscuriora
1475 4323 1802 4370 clarioribus
1835 4324 2098 4386 assequi?
2128 4324 2209 4374 Cf.
2239 4331 2424 4386 Meyer·
2456 4332 2510 4375 et
2540 4328 2791 4390 exempla
2813 4341 2952 4389 quae

829 4412 1002 4460 affert.
