3559 5609
1507 881 1554 930 ΙΙ
1569 918 1584 942 ,
1625 881 1700 931 13.
2094 927 2104 938 .
2609 885 2661 933 3¹

530 1020 786 1076 πνευματ.
828 994 1143 1075 explicare
1173 995 1522 1070 debebant,
1561 1004 1630 1058 ut
1659 996 1797 1074 ipse
1832 994 2166 1076 explicavi.
2208 997 2377 1060 Haec
2412 1015 2668 1079 quoque

532 1102 866 1184 explicatio
897 1102 1029 1164 sola
1058 1121 1204 1163 cum
1240 1121 1297 1166 v.
1331 1103 1423 1163 καί
1451 1103 1754 1165 convenit
1781 1103 2043 1181 optime,
2080 1103 2408 1167 intellecto
2433 1115 2505 1168 ut
2530 1107 2666 1185 ipse

534 1211 724 1274 Godet
745 1209 1056 1286 intelligit
1083 1229 1097 1270 ι
1132 1211 1536 1290 participium
1573 1211 1952 1293 συγκρίνοντες,
1977 1213 2373 1294 verbumque
2399 1216 2668 1295 λαλοῦμεν

530 1336 807 1398 quocum
849 1326 1020 1379 arete
1062 1316 1429 1395 colligatur,
1469 1320 1548 1380 ab
1582 1318 1694 1381 illo
1730 1317 1822 1379 καί
1860 1319 2160 1399 pendent.
2202 1355 2280 1365 -—
2321 1321 2661 1384 Praeterea

530 1426 821 1502 integrae
852 1434 1149 1499 manent,
1177 1425 1709 1504 interpretatione
1735 1445 1910 1501 mea,
1948 1426 2207 1489 ubertas
2237 1434 2297 1487 et
2328 1428 2507 1505 copia
2530 1444 2666 1490 ora-

535 1533 725 1593 tionis
754 1530 1044 1610 apostoli.
1082 1531 1318 1594 Confer
1352 1533 1527 1593 enim
1563 1533 1719 1595 haec
1756 1534 1947 1595 verba
1986 1558 1997 1593 :
2035 1546 2407 1614 πνευματικοῖς
2436 1560 2667 1616 πνευμα-

526 1638 648 1699 τικὰ
683 1638 1029 1721 συνκρίνοντες
1054 1639 1211 1720 (13),
1238 1650 1604 1720 πνευματικῶς
1629 1641 1960 1724 ἀνακρίνεται
1989 1641 2144 1723 (14),
2177 1648 2205 1704 6
2235 1640 2289 1702 δὲ
2317 1622 2666 1723 πνευματικὸς

531 1745 786 1830 ἀνακρίνει
811 1747 1059 1807 πάντα...
1083 1748 1237 1828 (15).
1276 1748 1511 1810 Nonne
1535 1749 1691 1809 haee
1718 1749 2160 1828 interpretatio
2182 1750 2379 1827 digna
2415 1760 2509 1813 est
2533 1752 2665 1813 sola

536 1853 756 1929 Paulo,
790 1872 954 1933 quae
990 1854 1091 1915 his
1126 1855 1194 1914 in
1230 1856 1443 1916 verbis
1474 1855 2132 1934 quatum-‘dissimiles
2166 1876 2318 1919 usus
2352 1857 2480 1938 adj.
2502 1882 2663 1919 πνευ-

531 1960 750 2039 ματικός
780 1961 990 2022 videt?
1029 1985 1057 2017 α
1093 1960 1473 2040 spiritualia
1505 1963 1700 2024 verba
1734 1963 2052 2024 tradentia
2084 1964 2506 2027 revelationes
2537 1967 2661 2046 spi-

528 2067 793 2129 rituales
829 2068 1111 2146 judioari
1150 2069 1336 2130 modo
1371 2068 1796 2149 spiritualiter
1836 2088 1874 2130 a
1915 2071 2360 2150 spiritualibus
2400 2083 2666 2151 possunt

529 2210 607 2220 —
634 2175 1276 2255 omniumjudicibus
1306 2194 1343 2236 a
1374 2178 1642 2239 nemine
1664 2176 1994 2255 judicatis.
2035 2201 2061 2233 n
2101 2213 2173 2223 —-
2203 2179 2283 2241 V.
2323 2180 2503 2241 15-16
2534 2198 2659 2242 non

527 2283 712 2364 quasi
745 2282 1021 2345 ornandi
1053 2299 1246 2344 eausa
1280 2291 1435 2345 sunt
1468 2284 1671 2345 additi
1701 2282 1966 2364 (Godet).
2006 2285 2275 2362 Egregie
2313 2304 2371 2346 v.
2398 2286 2487 2360 II,
2523 2285 2654 2348 9-11

527 2389 948 2471 respondent,
983 2391 1154 2471 quod
1199 2407 1328 2452 non
1365 2392 1517 2452 satis
1563 2391 2090 2453 animadversum
2127 2390 2376 2470 opinor.
2417 2392 2494 2453 Et
2528 2394 2659 2472 pri-

528 2514 705 2558 mum
728 2503 974 2559 constat
1003 2495 1258 2578 ἀναλογία
1279 2496 1564 2560 locorum
1586 2514 1745 2577 quos
1771 2497 2040 2576 scriptor
2069 2499 2252 2559 affert
2273 2497 2357 2578 (v.
2383 2499 2419 2560 9
2447 2508 2509 2561 et
2539 2498 2657 2581 16).

526 2606 612 2667 At
659 2603 981 2688 συμμετρίαν
1040 2605 1375 2668 oculorum
1440 2615 1504 2666 et
1551 2607 1787 2667 mentis
1846 2605 1981 2667 acie
2032 2604 2223 2684 plane
2277 2606 2553 2681 senties,
2607 2607 2659 2669 si

526 2712 924 2791 perspexeris
967 2738 979 2773 ε

527 2876 650 2949 ἡμῖν
693 2871 748 2932 δὲ
797 2872 1130 2956 ἀπεκάλυψεν
1177 2881 1205 2936 6
1250 2876 1388 2944 Θεὸς
1437 2875 1521 2936 διὰ
1658 2882 1813 2954 ἡμεῖς
1845 2873 1900 2934 δὲ
1933 2886 2051 2934 νοῦν
2079 2876 2308 2957 Χριστοῦ
2339 2874 2530 2956 ἔχομεν

529 2984 619 3036 τοῦ
648 2979 944 3058 πνεύματος

532 3084 591 3143 τὸ
623 3085 723 3166 γὰρ
755 3093 961 3165 πνεῦμα
989 3089 1194 3148 πάντα
1232 3091 1420 3172 ἐραυνᾷ
1657 3095 1685 3151 6
1711 3073 2139 3170 Bevtvsugmrtqu
2171 3088 2430 3175 ἀνακρίνει
2453 3092 2657 3152 πάντα

530 3193 607 3260 τίς
635 3192 735 3275 γὰρ
763 3185 972 3256 οἶδεν...
1656 3197 1734 3265 τίς
1762 3197 1862 3281 γὰρ
1895 3198 2102 3278 ἔγνω...

526 3299 593 3360 τὰ
620 3307 712 3360 τοῦ
745 3303 887 3362 Θεοῦ
920 3302 1084 3370 οὐδεὶς
1120 3304 1398 3384 ἔγνωκεν
1656 3306 1877 3389 ψυχικὸς
1928 3307 2068 3390 ἄνθρ.
2117 3307 2182 3367 τὰ
2225 3320 2320 3368 τοῦ
2362 3307 2658 3389 πνεύματος

769 3409 773 3413 ’
1655 3418 1746 3473 τοῦ
1775 3415 1920 3474 Θεοῦ
1949 3417 2007 3473 οὔ
2038 3412 2250 3475 δύναται
2277 3421 2513 3496 γνῶναι

523 3518 568 3575 εἰ
598 3514 676 3596 μὴ
709 3516 769 3576 τὸ
796 3529 1004 3596 πνεῦμα
1037 3524 1130 3597 τοῦ
1159 3521 1299 3580 Θεοῦ
1656 3520 1735 3579 ὅτι
1772 3531 2143 3600 πνευματικῶς
2178 3521 2508 3606 ἀνακρίνεται

521 3622 588 3682 τὰ
629 3630 722 3682 τοῦ
760 3626 904 3685 Θεοῦ
946 3624 1157 3693 οὐδεὶς
1201 3625 1425 3706 ἔγνωκεν
1474 3631 1517 3687 εἰ
1656 3632 1684 3686 6
1719 3630 2071 3707 πνευματικὸς
2102 3634 2188 3690 ὑπ’
2218 3630 2485 3698 οὐδενὸς
2520 3631 2653 3692 ἀνοι-

522 3727 599 3807 μὴ
626 3729 687 3788 τὸ
713 3737 918 3810 πνεῦμα
1654 3735 1884 3816 κρίνεται

521 3833 588 3894 τὰ
618 3841 708 3894 τοῦ
741 3839 885 3896 Θεοῦ
914 3839 1081 3906 οὐδεὶς
1111 3839 1334 3920 ἔγνωκεν
1652 3840 1731 3908 τίς
1758 3841 1859 3924 γὰρ
1890 3842 2022 3922 ἔγνω
2050 3849 2166 3903 νοῦν
2200 3843 2377 3926 κυρίου

605 3996 854 4070 Quibus
907 3997 1152 4061 collatis
1187 4010 1448 4081 apparet
1495 4000 1686 4063 Godet
1733 4022 1793 4064 v.
1847 4004 2018 4064 πάντα
2072 4014 2132 4065 et
2172 4003 2377 4073 οὐδενός
2418 4009 2502 4082 (v.
2551 4004 2653 4087 15)

520 4114 690 4165 reete
720 4105 1146 4183 interpretari.
1193 4107 1513 4169 Definitur
1535 4108 1730 4169 etiam
1756 4111 1931 4172 verbi
1961 4111 2219 4194 ἀνακρίνω
2240 4112 2647 4191 significatio,

521 4212 689 4291 quod
727 4211 1265 4289 significationem
1294 4232 1355 4275 v.
1396 4215 1629 4296 ἐραυνᾶω
1655 4215 1948 4294 (γινώσκω)
1983 4227 2266 4297 usurpat.
