3559 5609
1591 895 1693 958 x1,
1733 895 1808 945 ιο.
2679 893 2767 944 107

639 1011 829 1075 Godet
862 1012 1175 1075 munifice
1214 1013 1430 1087 dedit,
1469 1013 1538 1073 in
1584 1021 1871 1072 mentem
1900 1027 2122 1072 revera
2152 1010 2355 1072 Paulo
2397 1009 2724 1071 venissent
2747 1057 2763 1085 ,

635 1138 791 1181 num
821 1167 834 1192 ,
869 1137 1106 1199 quaeso
1133 1168 1147 1196 ,
1201 1120 1316 1181 tibi
1366 1119 1754 1200 persuadeas
1799 1117 1989 1179 illum
2024 1135 2096 1178 ea
2131 1116 2428 1178 omisisse
2462 1125 2523 1176 et
2567 1117 2766 1179 tribus

633 1236 883 1290 tantum
920 1227 1311 1290 indicavisse
1345 1226 1554 1288 verbis
1590 1224 1698 1306 (διὰ
1730 1224 1849 1293 τοὺς
1885 1223 2163 1305 ἀγγέλους)
2193 1225 2259 1285 in
2292 1225 2562 1286 obscuro
2603 1239 2765 1303 quo-

633 1336 778 1396 dam
823 1335 1135 1398 orationis
1170 1335 1410 1414 angulo
1458 1331 1853 1396 reconditis?
1898 1332 2131 1393 Nonne
2167 1349 2240 1393 ea
2285 1347 2395 1410 pro
2447 1329 2764 1407 singulari

631 1448 1012 1520 argumento
1039 1443 1142 1516 (cf.
1173 1443 1288 1518 VI,
1321 1441 1386 1523 3)
1414 1440 1792 1502 habuisset?

715 1550 971 1612 Adduci
1003 1550 1206 1630 possis
1237 1558 1307 1611 ut
1336 1548 1557 1611 credas
1602 1558 1841 1610 textum
1885 1547 2181 1609 vitiatum
2214 1546 2437 1620 fuisse,
2469 1562 2542 1605 ac
2587 1543 2767 1606 resti-

635 1666 772 1719 tuas
802 1674 914 1736 pro
951 1655 1037 1717 διὰ
1074 1655 1194 1724 τοὺς
1227 1655 1479 1737 ἀγγέλους
1525 1655 1716 1716 Verba
1749 1651 2057 1734 διάγγελλόν
2084 1677 2134 1713 τι
2164 1652 2217 1736 (ν
2249 1680 2330 1704 =
2365 1676 2423 1718 υς
2451 1685 2530 1694 -
2578 1650 2763 1711 Tour-

630 1764 811 1845 nier).
849 1765 1043 1826 Verte
1079 1783 1091 1825 :
1130 1762 1325 1848 ὀφείλει
1368 1763 1507 1843 ἔχειν
1548 1760 1635 1821 ἐπὶ
1678 1767 1770 1834 τῆς
1810 1763 2042 1843 κεφαλῆς
2080 1784 2131 1819 τι
2168 1759 2473 1840 διάγγελλον
2502 1756 2755 1827 ἐξουσίαν.

634 1869 914 1932 Facilius
943 1889 1137 1951 quam
1171 1870 1241 1930 in
1272 1870 1343 1930 T.
1379 1871 1457 1932 R.
1496 1868 1734 1940 ἐξουσίαν
1764 1867 2190 1946 explicaretur
2220 1864 2333 1947 (1).

710 1977 1018 2038 Attamen
1051 1975 1440 2057 obJ'ectiones
1468 1974 1656 2038 Godet
1687 1974 1869 2036 illam
1901 1991 2029 2036 non
2064 1981 2359 2035 evertunt
2390 1974 2764 2050 interpreta-

635 2083 871 2145 tionem
896 2131 910 2159 ,
952 2102 1115 2164 quae
1153 2084 1442 2164 sequitur
1478 2107 1489 2145 :
1527 2085 1592 2143 in
1629 2104 1686 2143 ν.
1729 2083 1800 2144 10
1836 2101 1980 2145 cum
2018 2103 2073 2143 v.
2123 2080 2208 2142 διὰ
2236 2088 2390 2141 τοῦτο
2422 2078 2765 2141 manifesto

631 2189 955 2253 conclusio
989 2190 1235 2270 incipit,
1275 2200 1337 2251 et
1367 2191 1439 2250 in
1470 2189 1554 2250 διὰ
1583 2188 1701 2258 τοὺς
1732 2189 1984 2271 ἀγγέλους
2016 2189 2182 2251 nihil
2212 2188 2388 2251 alind
2421 2187 2617 2249 latere
2648 2200 2761 2265 po·

632 2302 752 2359 test
784 2315 857 2358 ac
886 2298 1337 2376 cognominata
1367 2317 1426 2358 v,
1460 2296 1543 2357 διὰ
1572 2304 1724 2358 τοῦτο
1759 2314 1901 2358 vox.
1941 2297 2194 2357 Etenim
2226 2296 2293 2355 in
2333 2315 2387 2353 v,
2426 2310 2761 2372 praegres-

631 2404 719 2465 sis
749 2404 992 2467 Paulus
1024 2423 1059 2466 e
1090 2403 1305 2466 Genes.
1344 2404 1498 2466 locis
1546 2404 1708 2485 (uon
1752 2422 2048 2482 expresse
2084 2403 2291 2463 citatis
2324 2401 2609 2480 quidem,
2650 2399 2764 2461 sed

630 2521 844 2591 aperte
903 2513 1246 2594 indicatis)
1303 2523 1687 2591 argumenta
1743 2514 1939 2576 ducit.
2014 2512 2212 2575 Paulo
2273 2520 2488 2573 autem
2541 2509 2762 2591 judice

631 2617 797 2700 (Gal.
824 2671 837 2697 ,
872 2623 971 2684 III
998 2668 1016 2697 ,
1061 2622 1152 2683 19.
1187 2656 1266 2668 —
1311 2622 1409 2683 Cf.
1443 2623 1511 2682 in
1549 2622 1767 2702 Steph.
1817 2632 1972 2684 orat.
2012 2624 2184 2697 Act„
2220 2620 2345 2682 VlI
2369 2669 2383 2696 ‚
2417 2618 2495 2682 38
2526 2627 2588 2681 et
2615 2615 2758 2697 53),

631 2726 723 2788 lex
773 2728 854 2789 ab
902 2728 1150 2807 angelis
1201 2729 1602 2809 promulgata
1632 2730 1772 2792 fuit.
1817 2731 2031 2792 Verba
2076 2728 2160 2790 διὰ
2203 2727 2322 2796 τοὺς
2357 2727 2608 2809 ἀγγέλους
2649 2744 2760 2787 va-

630 2832 767 2896 lent
797 2845 1103 2915 tanquam
1137 2857 1195 2899 V.
1231 2837 1316 2899 διὰ
1361 2839 1450 2898 τὸν
1486 2837 1644 2917 νόμον
1671 2886 1685 2912 ,
1728 2857 1893 2917 quae
1927 2839 2066 2918 ipsa
2101 2838 2276 2898 idem
2314 2843 2542 2898 sonant
2579 2852 2651 2895 ac
2698 2853 2756 2893 v.

629 2941 714 3003 διὰ
761 2942 855 3017 τὴν
900 2945 1103 3028 γραφήν
1145 2943 1264 3023 (Cf.
1302 2944 1445 3006 Gal.
1473 2993 1486 3020 ,
1526 2945 1624 3005 III
1648 2989 1666 3019 ,
1704 2946 1778 3004 22
1826 2945 1931 3005 ubi
1962 2945 2136 3028 γραφή
2180 2961 2288 3021 pro
2330 2960 2479 3004 voce
2516 2962 2571 3002 V.
2604 2939 2762 3020 νόμος

627 3051 1078 3128 cognominata
1105 3052 1424 3131 habetur).

711 3158 1191 3220 Difficillimum
1245 3177 1496 3238 semper
1548 3158 2160 3221 commentatoribus
2205 3159 2420 3219 visum
2464 3166 2558 3218 est
2597 3172 2762 3234 quae

632 3283 763 3344 cap.
800 3265 897 3326 XI
928 3273 989 3327 et
1017 3266 1175 3327 XIV
1206 3266 1285 3328 de
1323 3266 1551 3327 habitu
1588 3264 1942 3327 mulierum
1977 3266 2046 3327 in
2085 3264 2392 3327 ecclesiae
2426 3262 2760 3326 conventi-

630 3371 751 3433 bus
780 3372 894 3452 (ita
922 3374 1098 3434 enim
1123 3373 1629 3451 interpretantur
1650 3372 2062 3453 plerumque)
2086 3373 2332 3449 dicunt,
2353 3388 2759 3451 componere.

633 3479 781 3540 Non
827 3479 1090 3558 perfecit
1138 3478 1323 3540 Godet
1366 3487 1432 3539 ut
1479 3480 2052 3542 contradictionem
2105 3479 2366 3541 tolleret.
2407 3478 2558 3557 Cap.
2603 3479 2761 3540 XIV

629 3583 749 3661 (sic
783 3585 964 3646 enim
995 3586 1345 3663 existimat)
1386 3587 1529 3647 sine
1570 3583 1703 3647 ulla
1734 3587 2106 3666 exceptione
2139 3595 2306 3648 vetat
2341 3604 2421 3647 ne
2456 3584 2763 3646 mulieres

632 3693 701 3753 in
727 3691 1001 3754 concilio
1031 3691 1398 3771 loquantur.
1433 3693 1507 3753 Et
1544 3711 1679 3773 cap.
1716 3695 1813 3755 XI
1846 3693 2000 3755 sinit
2028 3692 2192 3755 illud
2223 3693 2551 3755 interdum
2592 3691 2758 3766 fieri,

631 3799 800 3878 quod
833 3799 1019 3878 plane
1057 3818 1434 3880 prorsusque
1463 3819 1601 3880 cap.
1637 3801 1799 3863 XIV
1834 3801 2183 3862 interdicit.
2223 3800 2438 3861 Placet
2478 3798 2668 3861 Godet
2692 3798 2759 3859 id

630 3907 1201 3969 contradictionem
1238 3931 1265 3962 α
1300 3917 1646 3987 apparente
1677 3931 1703 3964 »
1732 3908 2024 3987 judicare
2051 3910 2133 3987 (p.
2169 3906 2298 3983 131)
2335 3931 2347 3966 :
2383 3924 2487 3967 me
2513 3905 2755 3984 judice,

631 4031 782 4075 vera
811 4022 872 4074 et
901 4013 1188 4076 absoluta
1219 4021 1333 4076 est.

713 4122 1014 4182 Attamen
1042 4121 1283 4182 Paulus
1316 4139 1445 4184 non
1477 4123 1904 4202 repugnantia
1934 4121 2116 4184 dixit.
2150 4123 2189 4185 ‚J
2200 4123 2346 4184 ubet
2371 4122 2545 4183 enim
2577 4137 2754 4199 apos-

695 4358 760 4421 (1)
792 4357 1014 4419 Confer,
1042 4373 1268 4421 quaese,
1307 4360 1324 4407 1
1364 4359 1522 4421 Tim„
1551 4361 1629 4422 ΙΙ,
1665 4362 1720 4411 10
1750 4377 1760 4410 :
1795 4364 1898 4412 ἀλλ’
1931 4364 1957 4412 ὃ
1986 4362 2164 4427 πρέπει
2205 4362 2417 4424 γυναιξὶν
2459 4362 2761 4424 ἐπαγγελ-

632 4450 916 4511 λομέναις
943 4450 1239 4499 θεοσέὸειαν.
