3559 5609
1551 875 1652 924 VII
1668 913 1680 935 ‚
1717 876 1887 926 25-38.
2729 874 2788 924 87

657 992 902 1054 mundo
948 990 1356 1071 tranquillam
1405 1000 1466 1054 et
1502 991 1755 1055 facilem
1807 994 2072 1071 degatis
2128 992 2255 1055 Sed
2304 993 2785 1057 sollicitudines

657 1108 811 1161 sunt
839 1107 900 1161 et
928 1098 1419 1162 sollicitudines.
1471 1099 1638 1162 Sunt
1667 1118 1832 1180 quae
1877 1102 1957 1162 ad
2004 1100 2178 1162 hunc
2222 1101 2543 1164 mundum
2587 1102 2786 1182 perti-

561 1256 568 1263 .
658 1211 886 1280 neant,
921 1214 1074 1268 sunt
1101 1212 1319 1268 autem
1349 1223 1528 1285 quae,
1553 1206 1635 1268 ad
1671 1207 1793 1268 Dei
1837 1223 2116 1284 regnum
2154 1215 2462 1286 spectent.
2513 1208 2614 1270 Ad
2642 1205 2790 1270 illas

656 1313 919 1376 ultimas
951 1320 1197 1375 vosmet
1227 1313 1498 1375 servetis
1526 1312 1693 1376 volo.

739 1423 1262 1502 Exspectaveram
1295 1422 1367 1484 in
1401 1442 1461 1484 v.
1502 1421 1578 1486 34
1615 1420 2007 1484 sententiam
2039 1441 2233 1502 quam
2265 1423 2374 1485 hic
2410 1423 2620 1485 verbis
2651 1421 2788 1486 elo-

655 1543 838 1593 cutus
877 1547 1021 1593 sum
1064 1555 1076 1590 :
1112 1529 1583 1593 sollicitudines
1628 1538 1779 1593 sunt
1832 1539 1894 1591 et
1935 1530 2429 1594 sollicitudines.
2463 1533 2526 1593 Is
2571 1550 2791 1595 versus

655 1638 827 1699 varie
857 1638 928 1698 in
959 1637 1097 1700 cod.
1127 1638 1454 1701 scribitur.
1490 1634 1798 1718 Sus'picor
1835 1657 1849 1701 ἰ
1886 1638 1978 1699 καὶ
2007 1639 2323 1722 μεμέρισται
2352 1645 2386 1713 ἡ
2417 1640 2664 1723 μέριμνα.
2686 1639 2792 1701 Καὶ

652 1753 686 1820 ἡ
732 1743 979 1829 παρθένος
1033 1755 1258 1829 μεριμνᾷ
1308 1745 1447 1806 τά...
1505 1745 1715 1806 Verba
1759 1751 1794 1819 ἡ
1848 1746 2059 1826 ἄγαμος
2104 1747 2177 1807 in
2220 1746 2362 1809 cod.
2408 1747 2599 1810 modo
2647 1753 2796 1807 ante

652 1854 843 1916 modo
871 1861 1011 1933 post
1040 1859 1074 1926 ἡ
1101 1852 1349 1936 παρθένος
1382 1851 1708 1930 leguntur.
1745 1853 2188 1915 Versimiliter
2230 1854 2430 1932 igitur
2474 1853 2794 1917 scholium

652 1962 1077 2037 constituunt,
1109 1964 1294 2041 cujus
1322 1967 1352 2022 ὁ
1388 1962 1595 2042 ἄγαμος
1628 1963 1701 2023 in
1733 1982 1794 2022 v.
1837 1960 1913 2023 32
1943 1979 2137 2024 causa
2167 1963 2308 2026 fuit.
2356 1964 2433 2024 In
2467 1983 2525 2024 v.
2563 1962 2638 2025 32
2674 1980 2792 2025 au-

654 2078 774 2131 tem
816 2067 1060 2131 Paulus
1085 2075 1114 2130 ὁ
1143 2069 1347 2149 ἄγαμος
1385 2069 1719 2149 usurpavit
1748 2067 1877 2150 (1),
1915 2070 2070 2149 quia
2099 2089 2290 2132 usum
2325 2087 2520 2132 masc.
2559 2089 2619 2130 v.
2657 2094 2791 2154 παρ-

649 2176 789 2244 θένος
837 2177 1197 2249 nesciebat,
1254 2176 1410 2238 dum
1449 2178 1524 2239 in
1563 2176 1780 2250 25-38,
1818 2178 2358 2256 quotiescumque
2409 2177 2488 2238 de
2543 2178 2794 2256 virgine

651 2282 958 2362 loquitur,
999 2300 1143 2343 eam
1176 2282 1425 2365 παρθένος
1469 2291 1798 2361 nuncupat
1846 2282 2227 2362 nullamque
2258 2284 2571 2345 rationem
2602 2284 2794 2346 habet

652 2409 765 2452 cur
801 2407 929 2454 non
975 2397 1306 2470 nuncupet
1344 2408 1485 2451 eam
1516 2388 1787 2471 παρθένος.
1824 2424 1902 2434 —
1933 2390 2248 2451 Similiter
2293 2391 2347 2451 si
2397 2390 2593 2452 lector
2645 2391 2788 2467 qui·

649 2499 799 2560 dam
829 2500 907 2561 de
945 2499 1118 2561 verb.
1151 2504 1186 2572 ἡ
1214 2497 1462 2581 παρθένος
1505 2499 1573 2558 iu
1621 2498 1915 2575 margine
1959 2498 2209 2576 scripsit
2244 2504 2278 2571 ἡ
2309 2498 2516 2578 ἄγαμος
2549 2546 2564 2572 ,
2615 2497 2789 2558 alius

652 2607 752 2669 vel
801 2607 973 2668 idem
1022 2605 1218 2668 lector
1257 2606 1326 2666 in
1385 2607 1676 2683 margine
1726 2611 1760 2678 ἠ
1809 2606 1936 2686 γυνή
1982 2605 2232 2667 addidit
2263 2606 2342 2667 de
2375 2611 2409 2678 ἠ
2452 2605 2782 2685 γαμήσασα,

649 2714 819 2796 quod
851 2731 1092 2777 novum
1126 2712 1444 2776 scholium
1476 2730 1625 2775 cum
1654 2719 1688 2786 ἡ
1718 2713 1927 2794 ἄγαμος
1962 2714 2217 2775 coaluit.
2264 2748 2333 2761 --
2364 2714 2608 2796 Μέριμνα
2640 2731 2789 2775 con-

654 2832 747 2884 tra
810 2840 956 2885 cum
1014 2821 1248 2883 similis
1303 2830 1470 2884 esset
1525 2823 1719 2883 verbo
1775 2820 2088 2904 μεμέρισται
2143 2838 2214 2882 ac
2272 2828 2666 2900 repeteretur
2715 2822 2786 2881 in

652 2950 711 2992 v.
750 2930 927 2993 32-34
958 2949 1017 2990 v.
1063 2939 1288 3012 μεριμνᾷ
1311 2974 1327 3004 ,
1369 2930 1580 2990 omitti
1614 2930 1840 3008 potuit.
1882 2927 1955 2989 ‘H
1986 2938 2122 3006 post
2151 2928 2462 3010 μεμέρισται
2496 2926 2593 3007 (αι
2617 2954 2783 3002 ---η,

652 3064 775 3098 2=
802 3038 860 3117 η)
891 3037 1194 3109 evanuit,
1233 3044 1346 3098 aut
1381 3035 1473 3096 καί
1516 3037 1761 3115 peperit
1801 3036 1863 3114 (η
1904 3041 1967 3097 et
2011 3036 2102 3095 καί
2136 3036 2401 3097 confusa
2438 3070 2517 3083 ——·
2551 3034 2733 3116 Bast)
2767 3061 2778 3095 :

652 3146 822 3207 unde
854 3153 1025 3206 ortae
1075 3150 1226 3205 sunt
1271 3143 1579 3205 lectiones
1627 3143 1767 3205 cod.
1821 3160 2095 3222 quorum
2145 3151 2297 3203 sunt
2350 3143 2463 3221 qui
2519 3143 2781 3220 legant,

650 3261 799 3314 sunt
828 3253 940 3333 qui
969 3252 1272 3313 omittant
1316 3251 1426 3313 καί.
1462 3284 1542 3298 -
1575 3252 1768 3312 Verto
1810 3251 2006 3327 igitur
2040 3270 2053 3311 ς
2101 3275 2127 3305 ι
2163 3251 2238 3311 Et
2280 3250 2644 3319 sollicitudo
2682 3250 2782 3311 di-

652 3378 830 3421 versa
877 3367 1000 3435 est,
1040 3359 1348 3421 dividitur
1383 3356 1497 3439 (2).
1547 3357 1693 3418 Alia
1743 3366 1840 3418 est
1882 3358 2243 3420 sollicitudo
2282 3377 2446 3438 quae
2482 3358 2561 3418 ad
2609 3357 2783 3420 hunc

651 3467 964 3528 mundum
1020 3466 1337 3545 pertinet,
1395 3464 1935 3527 alia-sollicitudo
1989 3483 2152 3545 quae
2200 3465 2281 3526 ad
2340 3483 2612 3543 regnum
2669 3465 2783 3526 Dei

651 3558 911 3653 spectat.
942 3598 969 3628 r>
995 3575 1154 3636 Joco
1178 3574 1456 3653 quodam
1491 3574 1581 3635 uti
1607 3573 1808 3635 voluit
1839 3574 2101 3645 PauluS,
2136 3592 2283 3634 cum
2311 3574 2503 3635 verbo
2524 3573 2779 3655 μεμέρισ-

711 3829 779 3891 (1)
801 3828 960 3876 Errat
980 3831 1150 3875 Godet
1176 3828 1268 3888 qui
1297 3826 1584 3874 contendit
1608 3843 1630 3871 α
1654 3827 1703 3873 le
1730 3830 1902 3874 terme
1923 3826 2107 3887 ἄγαμος
2128 3825 2427 3887 comprend
2456 3826 2545 3883 ici,
2570 3838 2779 3873 comme

649 3934 698 3966 v.
734 3919 789 3977 8,
822 3919 901 3967 les
933 3916 1279 3965 celibataires
1312 3919 1366 3963 et
1405 3917 1484 3965 les
1529 3916 1705 3964 veufS.
1741 3930 1765 3960 n
1808 3914 1953 3961 Num
1990 3913 2133 3961 forte
2163 3926 2329 3962 voces
2359 3917 2389 3971 ἠ
2420 3915 2611 3978 ἄγαμος
2642 3931 2778 3977 quas

650 4008 709 4055 in
738 4023 790 4057 v.
827 4006 885 4056 34
923 4009 1129 4064 tuetur,
1161 4004 1360 4053 viduas
1391 4008 1556 4067 atque
1584 4006 1695 4066 jam
1721 4008 1899 4051 aetate
1930 4001 2308 4064 provectiores
2339 4003 2600 4066 innuptas
2632 4005 2780 4054 desi-

687 4094 861 4145 nant?

651 4110 685 4159 g
712 4183 777 4248 (2)
808 4183 890 4235 Cf.
924 4189 1165 4233 Passow.
1208 4210 1269 4218 -
1311 4183 1465 4242 Quae
1507 4183 1845 4246 propositio,
1889 4195 2013 4229 cum
2054 4181 2198 4228 inter
2236 4183 2403 4230 verba
2450 4183 2517 4229 ad
2559 4184 2777 4233 adoles-

650 4282 836 4324 centes
868 4274 1175 4337 spectantia
1212 4288 1274 4322 ac
1306 4276 1475 4322 verba
1505 4273 1572 4321 ad
1612 4273 1857 4334 virgines
1890 4270 2224 4333 pertinentia
2261 4274 2517 4332 ponatur,
2551 4286 2778 4323 necesse

651 4378 763 4414 non
796 4369 912 4412 erat
953 4364 1152 4411 iterum
1183 4363 1580 4412 enuntiaretur.
1615 4362 1697 4409 Ad
1730 4375 2053 4423 praegressa
2084 4360 2247 4408 simul
2278 4363 2332 4408 et
2362 4361 2428 4408 ad
2461 4364 2776 4427 sequentia,

653 4455 708 4505 id
740 4459 824 4504 est
853 4454 921 4504 ad
952 4467 1117 4502 unam
1147 4455 1483 4517 alteramque
1514 4453 1726 4517 μέριμνα
1756 4453 2012 4501 refertur.
2088 4456 2093 4461 ’
