3559 5609
882 826 973 879 ηε
1774 824 1908 887 111,
1949 812 2116 875 1243.

879 944 1148 1008 facultas
1177 951 1273 1007 est
1299 943 1524 1023 lingua
1551 943 1886 1024 loquendi.
1924 944 2098 1018 Quid
2140 941 2389 1005 multa?
2418 944 2591 1004 inter
2623 942 3015 1005 charismata

878 1054 962 1115 ad
988 1071 1321 1116 summum
1352 1069 1551 1132 pauca
1586 1059 1740 1114 sunt
1782 1053 2142 1115 constantia
2183 1068 2257 1113 ac
2284 1051 2767 1131 permanentia3
2799 1050 3001 1130 plera-

877 1178 1026 1241 que,
1046 1159 1176 1221 nisi
1199 1161 1443 1236 omnia,
1471 1153 1728 1240 semper
1749 1159 2100 1225 reficienda
2130 1165 2281 1221 sunt
2304 1158 2773 1240 (animadverte
2789 1160 3008 1221 omnia

876 1286 938 1328 v.
973 1266 1114 1329 4-11
1145 1265 1552 1347 praesentia).
1581 1267 1738 1330 Aor.
1772 1266 2039 1345 quidem
2068 1283 2197 1328 non
2230 1266 2438 1343 magis
2460 1265 2766 1356 adversus
2795 1283 3004 1327 meam
3102 1284 3109 1291 ·

875 1373 1474 1454 interpretationem
1506 1392 1703 1454 quam
1738 1374 2048 1436 adversus
2082 1372 2262 1435 illam
2308 1372 2494 1436 Godet
2545 1374 2712 1436 facit.
2765 1371 3006 1436 Paulus

877 1481 1314 1544 demonstrare
1346 1480 1481 1543 vult
1509 1500 1577 1544 se
1610 1482 2130 1561 christianosque
2159 1480 2531 1544 Corinthios
2559 1529 2573 1556 ,
2621 1498 2797 1543 nunc
2840 1487 2903 1541 et
2934 1481 3005 1542 in

873 1590 1197 1668 praesenti
1252 1606 1460 1652 unum
1508 1607 1740 1669 corpus
1801 1607 1975 1665 esse,
2034 1597 2201 1653 etc...
2269 1589 2361 1650 Ex
2414 1605 2489 1651 eo
2546 1596 3005 1666 argumentum

873 1695 1051 1758 ducit
1098 1695 1270 1777 qnod
1311 1713 1462 1783 cum
1509 1695 1647 1774 illi,
1699 1704 1836 1758 tum
1883 1696 2020 1775 ipse
2072 1696 2370 1775 baptizati
2405 1704 2558 1757 sunt
2611 1704 2673 1757 et
2722 1694 3003 1759 Coenam

873 1804 1439 1884 participaverunt.
1493 1802 1682 1866 Nihil
1726 1802 2092 1884 simplicius
2130 1811 2246 1865 est.
2294 1803 2430 1866 Nec
2471 1802 2716 1865 Paulus
2748 1819 3003 1864 necesse

870 1910 1149 1974 habebat
1193 1911 1271 1973 de
1307 1911 1542 1974 futuris
1585 1910 1820 1974 Coenis
1874 1910 2147 1973 verbum
2194 1910 2425 1973 facere.
2486 1911 2730 1988 Pagani
2769 1909 2882 1989 qui
2923 1909 3004 1970 ad

870 2018 1162 2098 quinque
1206 2025 1318 2080 aut
1359 2034 1468 2078 sex
1498 2033 1706 2080 annos
1734 2016 2227 2097 baptizabuntur
2254 2035 2328 2079 ac
2355 2016 2638 2080 Coenam
2667 2017 3003 2097 participa-

869 2123 1074 2200 bunt,
1109 2140 1239 2187 non
1282 2130 1467 2200 sunt,
1518 2141 1727 2201 nunc,
1776 2123 1910 2206 ipso
1955 2122 2149 2206 facto,
2195 2142 2344 2187 cum
2391 2123 2752 2187 Corinthiis
2800 2141 3002 2185 unum

871 2249 1122 2312 corpus,
1179 2231 1416 2294 Procul
1473 2231 1667 2295 dubio
1714 2233 1993 2296 scribere
2049 2251 2351 2313 praesens
2403 2232 2718 2313 ποτιζόμεθα
2763 2232 3002 2295 Paulus

869 2339 1201 2420 potuisset.
1245 2340 1383 2403 Hoc
1423 2348 1639 2403 tamen
1694 2358 1829 2404 non
1880 2351 2017 2402 erat
2060 2359 2356 2417 necesse,
2400 2348 2591 2421 atque
2632 2356 2763 2403 aor.
2817 2339 3000 2419 quasi

868 2454 1093 2528 sponte
1151 2464 1267 2508 sua
1313 2448 1454 2528 ejus
1511 2448 1887 2526 cogitationi
1939 2449 2245 2510 occurrit·
2270 2457 2408 2528 post
2462 2447 2868 2527 ἐὸαπτίσθημεν.
2923 2479 2999 2492 -—

869 2552 1205 2616 Addamus
1239 2554 1712 2635 comparatione
1749 2562 1949 2617 nostr.
1986 2574 2046 2616 v.
2081 2573 2231 2617 cum
2264 2532 2487 2634 primis
2515 2570 2654 2634 cap.
2689 2554 2756 2616 X
2798 2555 2998 2616 versi-

867 2660 988 2723 bus
1016 2660 1390 2723 confirmari
1420 2661 2020 2741 interpretationem
2053 2679 2219 2742 quae
2254 2661 2586 2726 contendit
2617 2678 2765 2724 voce
2795 2660 3001 2722 ἐποτίσ-

866 2771 1028 2847 θημεν
1056 2766 1341 2831 Coenam
1364 2767 1743 2846 significari.

1780 2982 1938 3060 XII,
1979 2983 2089 3078 28..

831 3270 836 3275 ,
945 3198 1192 3261 Offensi
1221 3205 1372 3261 sunt
1390 3199 1526 3277 jam
1555 3195 1671 3259 alii
1707 3197 2088 3276 interpretes
2118 3198 2330 3260 verbis
2359 3196 2447 3266 οὓς
2477 3197 2593 3279 μέν.
2635 3200 2829 3260 Recte
2857 3197 2998 3277 qui·

865 3306 1037 3367 dem.
1088 3306 1259 3367 Nam
1298 3322 1447 3366 cum
1492 3325 1550 3367 v.
1594 3308 1802 3387 πρῶτον
1852 3305 1930 3366 de
1978 3305 2234 3383 integro
2291 3306 2694 3367 enumeratio
2745 3305 2993 3384 incipit.

868 3412 1203 3473 Praeterea
1246 3409 1403 3490 quid
1438 3410 1566 3471 sibi
1602 3410 1817 3503 velint·
1854 3410 2045 3472 verba
2088 3410 2225 3490 μέλη
2264 3413 2324 3470 ἐκ
2353 3409 2540 3494 μέρους
2574 3416 2714 3490 post
2741 3414 2892 3490 ὑμεῖς
2920 3443 3000 3456 --

861 3528 1022 3598 σῶμα
1052 3517 1302 3601 Χριστοῦ,
1341 3535 1473 3579 non
1505 3518 1658 3579 satis·
1686 3516 1940 3580 subtilis
1972 3536 2118 3580 sum
2152 3526 2221 3580 ut
2247 3518 2631 3596 intelligam.
2672 3516 2870 3579 Nulla
2901 3526 2996 3580 est

863 3626 1177 3690 dubitatio
1211 3625 1563 3706 prudenter
1590 3625 2030 3701 censentibuS,
2065 3626 2226 3707 quin
2262 3644 2450 3711 yoces
2483 3627 2573 3687 καὶ
2612 3625 2699 3694 οὒς
2738 3624 2834 3706 μέν
2864 3642 2996 3687 una

858 3732 1056 3795 litura
1096 3732 1409 3795 delendae
1451 3734 1604 3812 sint,
1645 3739 1713 3796 ut
1748 3733 2182 3813 dittographia
2222 3741 2411 3796 natae
2445 3753 2479 3796 e
2509 3734 2898 3815 praegressis
2933 3727 2992 3792 ἔκ

859 3840 1069 3924 μέρους.
1102 3840 1365 3918 Constat
1389 3857 1572 3903 voces
1603 3844 1673 3901 ,ἐκ
1704 3849 1766 3903 et
1793 3841 1885 3901 καί
1912 3859 1950 3903 a
1978 3840 2261 3904 librariis
2291 3841 2668 3921 saepissime
2698 3841 2995 3903 confusas

859 3967 998 4012 esse
1028 3948 1250 4029 (Bast).
1289 3948 1473 4022 Quod
1514 3948 1595 4009 ad
1632 3964 1852 4010 vocem
1894 3947 2080 4031 μέρους
2122 3950 2385 4026 attinet,
2424 3968 2498 4011 ex
2542 3948 2992 4010 immutatione

855 4054 1254 4136 syllabarum
1284 4077 1370 4122 ους
1400 4059 1461 4115 et
1492 4077 1588 4134 μεν
1626 4072 1700 4116 ac
1742 4054 2122 4118 confusione
2152 4054 2514 4117 litterarum
2548 4079 2575 4115 ν
2607 4063 2669 4118 et
2700 4054 2988 4139 p.(Bast),

855 4170 1008 4227 nata
1041 4179 1180 4224 esse
1210 4161 1485 4223 videtur.
1520 4161 1715 4224 Nunc
1743 4170 1961 4224 autem
1994 4163 2217 4225 omnia
2256 4170 2425 4224 recte
2473 4171 2535 4224 et
2577 4162 2802 4224 ordine
2841 4178 3011 4240 pro-··

856 4269 1129 4346 cedunt,
1189 4274 1434 4331 remota
1490 4267 1759 4330 molesta
1810 4266 2277 4349 dittographia,
2322 4286 2395 4330 ac
2447 4268 2989 4330 subdistinctione

850 4378 1128 4461 reposita
1155 4376 1324 4438 inter
1352 4376 1583 4457 Χριστοῦ
1608 4385 1670 4437 et
1695 4375 1786 4436 καὶ
1817 4374 1976 4456 μέλη,
2010 4376 2168 4439 dum
2198 4384 2368 4439 arcte
2400 4376 2591 4440 modo
2627 4376 2716 4436 καὶ
2751 4374 2890 4456 μέλη
2927 4377 2988 4435 ἐκ
