3559 5609
1524 876 1642 959 x‘v,
1673 872 1843 950 29-31.
2659 886 2748 950 us

699 1014 937 1079 Omnia
967 1010 1082 1076 illa
1108 1011 1273 1095 facta
1301 1030 1414 1095 pro
1444 1023 1696 1077 mortuo
1722 1014 1945 1095 (super
1979 1012 2259 1095 mortuo)
2289 1032 2596 1094 peragere
2634 1017 2749 1096 qui

617 1120 810 1203 plane
841 1119 1063 1202 periit,
1098 1134 1218 1184 nec
1247 1116 1599 1184 resurrexit
1626 1138 1747 1184 nec
1775 1120 2098 1200 resurget,
2127 1121 2404 1185 otiosum
2436 1129 2532 1184 est
2561 1131 2754 1205 atque

620 1227 949 1293 stolidum.
1820 1290 1835 1301 „
2208 1254 2215 1259 ·

698 1336 823 1401 vii
865 1334 1257 1416 intelligitur
1288 1336 1349 1398 ν.
1385 1332 1455 1399 31
1490 1336 1562 1398 in
1591 1332 1666 1400 Τ.
1702 1332 1782 1399 R.
1817 1332 1991 1413 Quid
2020 1336 2223 1401 Paulo
2253 1354 2413 1418 opus
2443 1342 2538 1402 est
2563 1345 2754 1402 attes-

617 1445 740 1508 tsfi
768 1443 839 1506 in
873 1426 1159 1525 periculo
1189 1456 1256 1507 se
1284 1440 1575 1507 versarii
1595 1444 1745 1507 Non
1776 1438 1857 1506 de
1886 1443 2011 1507 hoc
2038 1444 2272 1523 agitur.
2298 1442 2498 1509 Po‘ffo
2527 1440 2758 1509 odrin-

621 1538 744 1615 thii
775 1548 1165 1633 respondere
1193 1552 1555 1631 potuissent
1583 1575 1596 1612 ε
1632 1548 1853 1614 dixisti
1878 1551 2010 1630 Jam
2041 1550 2147 1632 (cf.
2181 1544 2298 1630 IV,
2331 1548 2521 1633 9-13).
2551 1552 2758 1615 Resti-

618 1667 794 1723 tutus
823 1658 862 1722 a
890 1664 995 1723 nie
1025 1658 1201 1722 locu‘s
1232 1654 1400 1722 illud
1428 1658 1752 1722 commodi
1779 1658 2060 1739 praebet,
2089 1656 2261 1739 quod
2285 1659 2762 1738 argumentatio

620 1765 804 1830 Pauli
851 1766 1204 1831 cohaerens
1248 1766 1323 1830 ac'
1374 1762 1592 1830 lucida
1631 1766 1736 1842 fit,
1772 1764 1928 1829 dein
1965 1762 2137 1847 quod
2171 1767 2572 1830 venustiores
2615 1784 2760 1829 eva-

620 1872 790 1938 dunt
816 1894 876 1937 v.
906 1868 1091 1939 29-31
1127 1875 1241 1956 qui
1271 1875 1415 1938 citis
1444 1873 1925 1955 cumulatisque
1951 1874 2566 1953 interrogationibus
2595 1891 2764 1936 com-

618 1982 983 2063 ponuntur,
1015 1981 1297 2064 denique
1326 1980 1501 2063 quod
1528 1988 1701 2044 arcte
1736 1999 1887 2044 cum
1916 1981 2103 2065 ὄφελος
2132 1979 2476 2060 colligatur
2505 1978 2763 2063 καύχησιν

616 2088 745 2171 (Cf.
778 2090 850 2151 in
881 2106 1014 2171 cap.
1052 2089 1154 2152 IX
1181 2088 1354 2170 quod
1389 2087 1469 2149 de
1505 2087 1771 2152 vinculo
1798 2086 2055 2171 καύχημα
2087 2097 2150 2151 et
2177 2088 2361 2169 μισθός
2389 2089 2759 2172 disputavi).

619 2195 956 2259 Contraria
976 2194 1357 2275 symmetria
1379 2211 1546 2276 quae
1571 2194 1990 2276 propositioni
2013 2193 2076 2267 νὴ
2096 2192 2199 2275 τὴν
2222 2196 2482 2279 ἡμετέραν
2502 2194 2762 2293 καύχησιν

620 2335 689 2350 -
726 2302 913 2387 ὄφελος
941 2302 1149 2379 inest,
1180 2309 1332 2364 ante
1361 2301 1580 2365 oculos
1608 2300 1874 2381 ponitur

698 2404 802 2487 τὴν
828 2405 1088 2490 ἡμετέραν
1109 2404 1369 2488 καύχησιν
1391 2452 1409 2483 ,
1439 2405 1507 2480 ἣν
1541 2406 1651 2488 ἔχω
1661 2451 2126 2469 ........
2211 2408 2264 2468 τί
2292 2433 2383 2489 μοι
2404 2409 2466 2469 τὸ
2494 2410 2680 2494 ὄφελος

702 2516 756 2574 ἐν
782 2512 886 2597 xp.
943 2508 1079 2588 Ἰησ.
1112 2517 1194 2596 τῷ
1216 2513 1378 2597 κυρίῳ
1410 2516 1565 2593 ἡμῶν
1592 2512 1705 2595 (1).
1775 2559 2120 2576 ......
2208 2519 2254 2576 εἰ
2286 2516 2425 2577 κατὰ
2454 2516 2721 2600 ἄνθρωπον

701 2619 1083 2700 Legendum
1110 2637 1260 2682 cum
1294 2621 1357 2683 A
1389 2620 1687 2705 ἡμετέραν.
1722 2618 1983 2683 ΕίθΠίῐΠ
2008 2620 2265 2705 ὑμετέραν
2290 2621 2551 2704 καύχησιν
2585 2623 2761 2685 nihil

620 2728 802 2792 aliud
852 2727 1224 2808 significare
1264 2726 1475 2807 posset
1521 2744 1719 2810 quam
1756 2750 1791 2785 «
1823 2745 2017 2791 causa
2046 2744 2211 2810 quae
2262 2730 2438 2792 vobis
2474 2737 2572 2793 est
2606 2732 2763 2811 ipsis

617 2835 905 2916 gloriari.
958 2858 986 2891 ι
1023 2832 1292 2897 Vertere
1328 2858 1341 2895 :
1379 2858 1410 2891 «
1448 2831 1710 2916 καύχησιν
1737 2838 1937 2915 quam
1968 2834 2134 2896 mihi
2167 2842 2379 2898 vestra
2410 2837 2571 2899 fides
2603 2853 2756 2900 con-

619 2941 776 3019 fert,
822 2964 853 2997 »
879 2941 1057 3005 idem
1080 2942 1398 3021 astatque
1420 2941 1726 3003 omnibus
1755 2941 1842 3003 N.
1891 2941 1963 3002 T.
2010 2941 2170 3004 locis
2203 2944 2646 3006 contradicere
2689 2946 2763 3006 in

619 3047 855 3130 quibus
893 3046 1156 3130 καύχησις
1193 3056 1305 3110 aut
1344 3046 1601 3130 καύχημα
1635 3048 2070 3127 reperiuntur.
2111 3049 2468 3130 Nunquam
2497 3058 2756 3128 autem,

622 3168 838 3237 neque
863 3155 940 3217 in
972 3155 1044 3217 Τ.
1094 3156 1174 3217 R.
1205 3203 1220 3232 ,
1265 3164 1479 3235 neque
1525 3156 1594 3216 in
1645 3163 1864 3218 nostro
1914 3164 2092 3217 textu
2121 3204 2136 3232 ,
2181 3157 2261 3220 de
2295 3157 2764 3236 glorificatione

623 3262 1114 3327 Corinthiorum
1169 3262 1460 3343 ipsorum
1514 3262 1622 3340 agi
1674 3271 1881 3343 potest
1936 3282 1951 3325 t
2006 3264 2376 3327 membrum
2432 3265 2495 3339 νὴ
2547 3265 2642 3339 τήν
2685 3297 2765 3311 -

622 3369 782 3456 nupto
810 3376 965 3452 ἡμῶν
988 3370 1171 3433 fleret
1190 3368 1568 3433 absurdum.
1603 3370 1751 3434 Non
1784 3380 1879 3434 est
1907 3386 2022 3433 cur
2049 3372 2304 3435 mireris
2325 3371 2604 3435 Paulum
2633 3373 2765 3453 pri-

625 3490 812 3542 mum
861 3480 1029 3559 sing.
1074 3477 1428 3555 ἀποθνήσκω,
1481 3478 1631 3541 dein
1682 3478 1851 3558 plur.
1904 3479 2166 3564 ἡμετέραν
2191 3530 2205 3559 ,
2260 3490 2395 3543 tum
2437 3480 2608 3559 sing.
2653 3480 2763 3562 ἔχω

623 3586 1024 3650 adhibuisse.
1061 3586 1252 3661 Q‘uod
1282 3585 1586 3649 velocitas
1617 3593 1678 3649 et
1712 3587 2011 3651 incitatio
2033 3588 2213 3650 iilius
2255 3589 2567 3652 orationis
2611 3590 2765 3651 satis

625 3694 969 3775 explicant.
1000 3694 1270 3757 Accedit
1291 3694 1462 3775 quod
1491 3693 1739 3756 Paulus
1762 3694 1931 3775 plur.
1968 3704 2254 3775 usurpat,
2280 3695 2467 3774 quasi
2497 3696 2764 3774 cupiens
2798 3732 2804 3737 -

623 3802 885 3865 laudem
929 3814 1127 3882 qnam
1180 3801 1305 3863 sibi
1361 3800 1582 3863 tribuit
1627 3800 1767 3880 ipse
1811 3802 2206 3863 imminuere
2253 3826 2266 3862 ι
2310 3800 2570 3883 καύχησιν
2620 3802 2759 3864 scil.

626 3909 828 3991 Saepe
856 3910 1101 3973 Paulus
1130 3907 1254 3971 ino*
1279 3908 1471 3972 modo
1518 3908 1922 3971 verecundus
1953 3925 2022 3971 se
2062 3909 2326 3988 praebet
2365 3907 2476 3990 (cf.
2527 3926 2585 3972 v.
2635 3909 2758 3990 10).

623 4199 736 4247 tam
760 4192 969 4248 videre.
1006 4192 1170 4258 Quod
1201 4192 1421 4248 eveniet
1447 4194 1495 4248 si
1529 4194 1681 4262 legas
1719 4192 1768 4249 τί
1798 4194 1884 4248 καὶ
1922 4196 2286 4257 ποτίζονται
2314 4194 2439 4263 ὑπὲρ
2476 4196 2663 4261 αὐτοῦς
2694 4193 2762 4248 de

624 4288 797 4338 verbo
837 4287 1046 4350 ποτίζω,
1091 4288 1161 4337 cf.
1193 4300 1334 4351 quae
1363 4301 1533 4352 supra
1562 4287 1631 4338 de
1659 4287 1791 4349 XII,
1827 4288 1883 4338 13
1922 4287 2183 4340 diximus.
2215 4288 2405 4340 Errori
2436 4289 2762 4354 proximitas

624 4380 835 4443 profuit
867 4362 1024 4431 verbi
1050 4380 1415 4445 βαπτιζόμενοι.

687 4458 869 4531 (sYOf.
898 4462 1106 4531 fodr„
1139 4450 1233 4533 x‘l,
1269 4467 1363 4521 17:
1394 4471 1553 4521 κατὰ
1589 4470 1830 4536 κύριον.
