3559 5609
759 855 847 904 116
1665 852 1767 913 x1‚
1807 849 1975 901 16-34.

757 976 889 1031 met
927 968 1207 1030 invicem
1246 975 1600 1049 exspectate
1640 978 1703 1030 et
1750 969 1965 1030 cibum
2020 985 2147 1029 una
2198 967 2458 1030 sumite.
2510 967 2610 1030 Ad
2657 983 2883 1029 omnes

758 1084 1162 1156 praeceptum
1194 1077 1423 1137 attinet
1465 1095 1479 1137 ε
1532 1076 1773 1138 etenim
1822 1076 1970 1156 qui,
2017 1075 2158 1138 cibo
2205 1075 2383 1138 domi
2421 1082 2705 1154 sumpto,
2750 1081 2887 1154 post

758 1193 1007 1263 tempus
1041 1185 1109 1244 in
1142 1184 1512 1245 convivium
1548 1180 1931 1258 advenient,
1977 1182 2200 1264 epulas
2229 1184 2431 1245 ferme
2464 1181 2676 1244 nullas
2705 1198 2885 1261 repe-

755 1292 884 1352 rire
913 1307 1043 1352 non
1075 1291 1254 1353 flocci
1280 1291 1553 1367 facient3
1589 1300 1840 1353 mature
1875 1300 2091 1354 autem
2125 1291 2544 1353 adventantes
2577 1289 2883 1350 festinare

757 1397 1095 1474 desinent,
1130 1415 1283 1459 nam
1315 1399 1491 1460 domi
1523 1399 1740 1461 sedata
1766 1400 1971 1461 fames
2002 1416 2131 1461 non
2155 1401 2292 1481 jam
2332 1399 2602 1476 urgebit.

836 1504 977 1578 Qua
997 1496 1247 1566 ratione
1270 1514 1488 1567 autem
1515 1505 2003 1586 explicabuntur
2025 1513 2201 1569 nu'nc
2224 1510 2280 1568 αἱ
2303 1505 2613 1589 semeptisum?
2638 1506 2716 1566 In
2740 1521 2885 1577 mea

755 1630 816 1675 v.
868 1611 1062 1675 20-34
1096 1613 1628 1693 interpretatione
1673 1613 1891 1688 enim,
1944 1614 2141 1677 fuisse
2185 1614 2486 1676 Corinthi
2531 1613 2763 1675 divites
2811 1628 2885 1673 ac

752 1737 1060 1801 pauperes
1089 1722 1190 1800 (cf.
1229 1721 1282 1798 I,
1322 1722 1421 1796 26)
1455 1739 1585 1785 non
1617 1723 1879 1803 negavi,
1914 1723 2026 1785 sed
2048 1723 2288 1785 Paulus
2317 1722 2440 1786 hoc
2473 1738 2882 1802 nequaquam

753 1830 1105 1908 significat,
1141 1847 1215 1891 ac
1265 1829 1607 1892 diversitas
1653 1830 2178 1912 pecuniariarum
2228 1830 2675 1893 conditionum
2722 1844 2880 1890 con-

756 1938 1057 2000 tentionis
1089 1954 1218 1999 non
1249 1956 1440 2000 causa
1490 1939 1615 2000 fuit
1650 1939 1721 2000 in
1768 1939 1990 2018 agapis
2020 1939 2320 2019 partium.
2362 1939 2451 2002 Ut
2478 1954 2672 2017 supra
2709 1936 2878 2009 dixi,

752 2044 923 2107 nihil
954 2054 1117 2107 esset
1150 2064 1267 2109 cur
1290 2046 1645 2123 mirareris,
1681 2047 1939 2108 etiamsi
1974 2048 2338 2109 communis
2370 2046 2439 2108 in
2475 2065 2537 2108 v.
2577 2043 2648 2105 19
2677 2043 2883 2124 posita

753 2154 1072 2216 sententia
1109 2154 1300 2216 modo
1350 2155 1420 2215 in
1459 2172 1596 2235 cap.
1631 2154 1766 2216 XII
1811 2153 2260 2235 applicaretur.
2306 2154 2775 2227 Verumtamen
2809 2151 2879 2211 iu

750 2260 883 2323 fine
911 2279 1046 2341 cap.
1099 2261 1196 2322 XI
1243 2269 1446 2343 potest
1473 2264 1611 2344 jam
1658 2262 1969 2343 applicari
1996 2296 2075 2310 —
2110 2263 2387 2342 profecto
2417 2278 2550 2324 non
2587 2276 2884 2340 expresse

750 2368 995 2431 Paulus
1019 2369 1201 2431 illam
1227 2369 1319 2431 sic
1348 2370 1797 2451 applicandam
1824 2388 1963 2432 esse
1990 2370 2323 2446 indicavit,
2357 2370 2469 2431 sed
2498 2386 2535 2430 a
2564 2366 2883 2430 sententia

752 2477 892 2556 eJ'us
924 2477 1049 2539 hoc
1078 2495 1210 2540 non
1244 2478 1533 2539 discedit.
1569 2478 1717 2540 Non
1741 2477 1916 2539 inter
1943 2477 2171 2539 divites
2196 2494 2271 2538 ac
2299 2493 2633 2556 pauperes,
2669 2490 2880 2555 neque

750 2583 920 2644 inter
948 2584 1305 2646 esurientes
1340 2594 1401 2646 et
1435 2585 1690 2647 satiatos
1723 2584 2053 2646 distinctio
2084 2592 2217 2661 est,
2252 2583 2361 2646 sed
2392 2583 2564 2645 inter
2591 2564 2747 2645 illos
2766 2580 2877 2660 qui

751 2692 947 2770 primi
980 2691 1258 2772 illosque
1290 2694 1401 2773 qui
1434 2693 1651 2755 ultimi
1692 2693 2067 2757 deveniunt.
2105 2693 2349 2754 Primis
2380 2689 2877 2771 exspectandum

753 2807 879 2876 est,
926 2797 1141 2860 ultimi
1179 2799 1290 2879 qui
1324 2800 1586 2861 fuerunt
1616 2801 1990 2879 exspectati,
2034 2800 2305 2879 gratiam
2346 2799 2586 2861 habere
2616 2798 2874 2860 debent.

751 2889 963 2986 Atque
1014 2925 1160 2969 cum
1193 2956 1206 2983 ,
1270 2915 1339 2970 ut
1377 2925 1583 2987 supra
1637 2908 1812 2984 dixi,
1870 2908 2043 2969 idem
2103 2906 2291 2970 modo
2340 2907 2513 2968 inter
2567 2904 2874 2982 ultimOS,

749 3014 939 3077 modo
984 3013 1152 3075 inter
1198 3014 1437 3092 primos
1485 3015 1774 3090 accedat,
1832 3014 2280 3093 unusquisque
2331 3030 2461 3075 uno
2513 3020 2626 3074 aut
2679 3012 2878 3105 altero

749 3119 983 3182 horum
1033 3122 1428 3197 officiorum,
1499 3139 1752 3201 semper
1804 3129 2020 3183 autem
2070 3121 2374 3183 alterutro
2429 3122 2615 3199 fungi
2663 3120 2873 3182 debet.

749 3228 1023 3289 Nullum
1059 3229 1129 3288 in
1168 3230 1297 3291 vita
1339 3228 1692 3291 christiana
1736 3231 2043 3306 exiguum
2076 3238 2180 3290 -est
2216 3246 2289 3291 ac
2326 3226 2873 3293 contemnendum

749 3333 1029 3395 officium
1066 3333 1258 3414 (Luc,
1297 3335 1494 3410 XVl,
1545 3335 1665 3415 10).
1706 3335 1936 3399 Officio
1978 3336 2077 3417 vel
2117 3339 2328 3417 specie
2370 3338 2644 3400 minimo
2691 3339 2878 3401 satis-

747 3443 956 3504 facere
982 3490 997 3517 ,
1030 3442 1148 3505 hoc
1176 3442 1258 3503 ad
1286 3444 1862 3506 sanctificationem
1894 3445 2167 3525 pertinet
2201 3466 2214 3507 ε
2247 3446 2331 3507 ἵνα
2359 3450 2409 3507 οἱ
2438 3446 2643 3528 δόκιμοι
2670 3447 2878 3532 φανεροὶ

746 3551 996 3630 γένωνται
1029 3552 1083 3610 ἐν
1118 3554 1261 3630 ὑμῖν.
1307 3551 1737 3625 Quamobrem
1777 3572 1962 3629 cum,
2001 3554 2071 3615 in
2121 3554 2606 3618 Corinthiorum
2653 3556 2876 3618 convi-

748 3658 903 3743 viiS,
948 3658 1115 3720 alius
1152 3659 1538 3738 exspectabit
1576 3659 1813 3736 alium,
1858 3662 2281 3724 convivarum
2325 3663 2450 3725 erit
2478 3663 2875 3727 extrinsecus

749 3766 1088 3827 manifesta
1141 3766 1581 3829 sanctificatio.
1636 3767 1761 3830 Sed
1816 3785 1889 3830 ex
1938 3768 2042 3830 his
2092 3769 2304 3832 verbis
2353 3787 2573 3833 nonne
2623 3772 2876 3834 videtur

749 3889 880 3934 non
925 3890 1133 3935 omnes
1178 3874 1317 3935 fieri
1354 3892 1534 3954 posse
1576 3875 1869 3956 δοκίμουςῖ
1912 3877 2003 3939 Ut
2041 3877 2499 3957 respondeam,
2550 3878 2873 3956 legentem

688 3964 693 3968 ⁴
749 3980 831 4041 ad
860 3980 971 4042 illa
1006 3981 1227 4062 rejicio
1254 3999 1419 4061 quae
1453 4001 1648 4063 supra
1676 3983 1755 4045 de
1782 3984 1915 4045 fine
1948 4001 2084 4064 cap.
2133 3984 2234 4046 IX
2277 3984 2434 4046 dixi.
2475 3985 2694 4048 Omnes
2729 3986 2903 4065 qui-'

749 4089 897 4150 dem
944 4088 1086 4149 fieri
1135 4086 1341 4168 δόκιμοι
1388 4098 1686 4168 possunt,
1731 4090 1842 4152 sed
1873 4106 2098 4152 omnes
2140 4093 2351 4173 reipsa
2396 4111 2528 4154 non
2575 4094 2761 4155 fiunt.
2792 4126 2875 4140 —

749 4193 1102 4255 Confirmat
1164 4195 1332 4263 hanc
1397 4195 1995 4276 interpretationem
2065 4199 2395 4261 vinculum
2463 4201 2871 4281 perspicuum

746 4302 915 4380 quod
961 4302 1130 4363 intel*
1169 4302 1499 4382 δοκιμάζέτω
1538 4302 1721 4363 ἑαυτόν
1751 4302 1837 4383 (v.
1874 4304 1976 4386 28)
2010 4315 2073 4368 et
2110 4323 2256 4370 cum
2288 4311 2337 4368 οἱ
2383 4307 2588 4389 δόκιμοι
2616 4308 2701 4388 (V.
2739 4309 2869 4391 19),

752 4417 886 4469 tum
918 4427 1080 4472 vers.
1117 4408 1298 4472 31-34
1330 4418 1594 4471 constat.
2674 4426 2677 4429 “
