3559 5609
1555 858 1606 908 11
1623 896 1635 919 ,
1674 856 1781 907 6-7.
2678 858 2741 910 27

604 977 686 1038 tis
720 975 1220 1038 admirationem
1252 993 1382 1037 non
1420 992 1678 1038 movere
1724 975 1939 1041 debet.
1989 973 2513 1053 quandoquidem
2564 976 2737 1039 istud

602 1084 694 1144 καί
726 1083 897 1144 inter
940 1082 1125 1164 σοφίας
1158 1091 1218 1145 et
1247 1081 1406 1162 λόγου
1437 1083 1633 1143 situm
1674 1082 1868 1144 fuerit
1903 1078 2016 1162 (1).
2059 1080 2483 1143 Mutationem
2529 1082 2739 1162 ipsam

602 1194 770 1252 πειθοῖ
791 1191 862 1252 in
892 1195 1086 1257 πειθοῖς
1118 1188 1549 1270 dittographia
1580 1189 1825 1268 primae
1857 1188 2106 1278 litterae
2140 1205 2201 1247 v.
2235 1189 2422 1271 σοφίας
2468 1191 2736 1269 peperit.

596 1299 742 1366 >Vox
789 1300 953 1384 πςιθώ
1009 1295 1272 1378 (subst.)
1331 1314 1652 1376 nusquam
1701 1296 1769 1357 in
1839 1296 1920 1357 N.
1977 1296 2049 1356 T.
2111 1296 2428 1375 reperitur
2482 1314 2498 1356 ε
2567 1298 2740 1360 unde

605 1407 860 1468 menda.
912 1405 1342 1481 Quamobrem
1380 1405 1677 1485 adjectiv.
1722 1402 1895 1471 πειθός
1931 1403 1998 1463 iu
2047 1409 2286 1465 textum
2331 1406 2733 1483 penetravit,

602 1530 861 1592 prorsus
891 1513 959 1573 iu
1005 1511 1398 1574 Graecorum
1448 1529 1745 1574 sermono
1790 1510 2173 1585 inusitatus,
2222 1519 2287 1571 at
2331 1510 2544 1573 scriba
2587 1511 2737 1592 qui-

514 1662 527 1675 .
600 1620 749 1682 dam
778 1618 1160 1683 vocabulum
1194 1620 1524 1699 usurpavit
1558 1618 1900 1693 familiare,
1939 1625 2001 1678 et
2027 1623 2259 1685 πιθανοῖς
2291 1618 2567 1697 scripsit,
2605 1636 2734 1682 non

600 1704 817 1793 πειόοῖς.
853 1726 953 1787 Ad
993 1725 1171 1786 hunc
1214 1726 1477 1787 modum
1511 1725 1863 1805 explicatur
1892 1726 2076 1806 quasi
2124 1725 2503 1804 genealogia
2532 1726 2736 1788 varia-

601 1853 745 1896 rum
779 1833 1152 1895 lectionum.

680 1940 862 2015 Quod
920 1940 978 2001 si
1039 1948 1294 2018 reputas
1359 1960 1417 2001 v,
1473 1939 1646 2021 λόγοις
1702 1941 1771 2001 iu
1843 1941 2177 2003 nonnullis
2226 1942 2363 2004 cod.
2421 1944 2734 2004 omissum

601 2048 826 2121 fuisse,
870 2047 1015 2109 fleri
1047 2065 1178 2109 non
1215 2055 1416 2128 potest
1447 2048 1608 2127 quin
1656 2048 2001 2111 concludas
2031 2050 2227 2111 verba
2257 2050 2347 2110 καὶ
2375 2048 2535 2131 λόγου
2566 2049 2735 2111 male

597 2156 858 2230 omissa,
892 2156 1128 2217 deinde
1162 2158 1227 2216 in
1262 2158 1554 2234 margine
1587 2157 1925 2236 adscripta,
1964 2156 2120 2220 falso
2152 2158 2220 2217 in
2257 2166 2498 2219 textum
2530 2158 2734 2237 irrep-

600 2265 780 2338 sisse,
803 2282 876 2326 ac
903 2265 1095 2325 verba
1122 2264 1212 2324 καὶ
1235 2270 1263 2324 ὁ
1292 2262 1447 2344 λόγος
1476 2288 1578 2344 μου
1608 2266 1946 2344 peperisse,
1982 2263 2217 2344 quibus
2243 2264 2474 2343 incipit
2505 2284 2563 2325 v.
2604 2265 2639 2324 4
2674 2271 2735 2325 et

600 2389 764 2450 quae
810 2370 1083 2432 delenda
1128 2381 1279 2431 suut
1330 2379 1635 2451 tanquam
1678 2372 1915 2445 otiosa,
1970 2373 2100 2433 imo
2147 2379 2456 2450 tanquam
2497 2371 2732 2450 duplex

600 2479 892 2559 repetitio
946 2478 1133 2540 valde
1180 2478 1432 2540 inutilis
1477 2478 1867 2559 (sententiae
1932 2478 2226 2556 repetitio
2282 2479 2561 2558 primum
2615 2477 2727 2558 (cf.

597 2584 899 2668 κήρυγμα),
948 2592 1082 2646 tum
1131 2586 1307 2647 verbi
1355 2584 1549 2666 λόγου,
1594 2584 1751 2666 λόγος
1797 2586 2139 2667 repetitio).
2185 2587 2357 2664 Lege
2500 2607 2514 2646 :
2553 2584 2730 2667 ἐγενό-

596 2717 700 2771 μην
736 2693 862 2774 πρὸς
902 2696 1037 2772 ὑμᾶς
1061 2741 1074 2767 ,
1110 2693 1201 2753 καὶ
1235 2693 1296 2753 τὸ
1338 2694 1580 2776 κήρυγμά
1621 2718 1722 2773 μου
1761 2697 1856 2753 οὐκ
1903 2696 1956 2753 ἐν
1997 2699 2167 2754 πειθοῖ
2212 2695 2397 2778 σοφίας
2425 2694 2515 2755 καὶ
2544 2692 2729 2775 λόγου,

595 2782 714 2860 ἄλλ’
748 2801 876 2861 ἐν...
2025 2801 2032 2806 ·
2392 2793 2399 2798 ’

677 2907 950 2969 Mendae
978 2909 1245 2986 quaein
1278 2910 1331 2967 ἐν
1358 2913 1528 2968 πειθοῖ
1567 2909 1754 2991 σοφίας
1803 2912 2199 2985 notavimus,
2246 2910 2485 2988 profuit
2524 2929 2584 2972 ν.
2626 2908 2728 2987 13,

601 3012 709 3091 qui
740 3011 1152 3076 librariorum
1184 3014 1439 3077 animos
1471 3015 1690 3093 procul
1721 3015 1917 3077 dubio
1948 3017 2314 3094 occupavit,
2350 3024 2419 3076 ut
2462 3015 2667 3094 liquet
2696 3032 2731 3076 e

600 3118 871 3182 lectione
913 3123 1344 3201 quorumdam
1390 3121 1460 3184 in
1492 3143 1552 3183 v.
1594 3124 1628 3182 4
1664 3123 1802 3185 cod.
1839 3140 1911 3184 ac
1941 3124 2015 3184 T.
2045 3124 2124 3185 R.
2160 3143 2173 3185 ε
2212 3123 2309 3183 οὐκ
2333 3126 2385 3182 ἐν
2412 3127 2608 3191 πειθοῒς
2637 3125 2731 3182 ἀν-

596 3227 850 3310 θρωπίνης
879 3230 1062 3314 σοφίας
1090 3228 1284 3311 λόγοις.

1526 3446 1623 3521 11,
1666 3446 1792 3507 6-7.

675 3665 821 3726 Non
858 3663 1093 3724 desunt
1128 3663 1402 3741 profecto
1432 3660 1765 3737 argutulae
1801 3680 1856 3721 v.
1891 3660 2328 3742 καταργουμένων
2359 3659 2726 3737 explicatio-

594 3788 741 3843 ne8‚
793 3787 918 3848 quo
981 3778 1193 3830 tamen
1247 3769 1560 3831 offendor.
1619 3768 1993 3848 Suspicatus
2045 3786 2190 3830 sum
2237 3766 2728 3850 πανουργευομένων

594 3876 716 3956 (Cf.
746 3877 868 3951 III,
906 3876 977 3937 19
1013 3897 1027 3937 :
1065 3878 1117 3935 ἐν
1145 3882 1210 3957 τῇ
1242 3876 1602 3960 πανουργίᾳ
1632 3876 1830 3953 αὐτῶν)
1864 3874 2297 3958 Πανουργεύομαι
2326 3874 2395 3935 in
2422 3875 2589 3936 med.
2617 3876 2728 3936 de·

592 4000 740 4065 pon.
781 4001 817 4045 a
854 3984 1037 4045 LXX
1077 3985 1146 4045 iu
1207 4002 1337 4046 uno
1379 3983 1515 4045 loco
1561 3991 1623 4044 et
1666 3984 1747 4044 ab
1789 3983 1965 4043 Eust.
2001 3980 2321 4063 (Passow)
2355 3991 2722 4060 usurpatur.

592 4090 1035 4171 Infrequentia
1078 4092 1252 4153 verbi
1306 4098 1459 4152 tunc
1487 4090 1763 4151 mendae
1820 4107 2013 4152 causa
2053 4099 2177 4164 est,
2237 4107 2431 4169 quam
2477 4089 2726 4169 palaeo-

658 4332 725 4393 (1)
754 4334 816 4381 In
845 4334 1121 4396 scriptura
1154 4333 1359 4381 unciali
1396 4352 1428 4382 α
1461 4351 1521 4376 --·
1548 4335 1600 4390 λ,
1635 4351 1665 4382 σ
1692 4350 1751 4374 τ·-
1781 4350 1808 4381 ο
1839 4331 2020 4394 (Βειεί,
2059 4335 2342 4394 Vollqraff,
2383 4331 2526 4394 etc.)‚
2561 4336 2614 4380 et
2644 4331 2728 4399 augi

598 4435 694 4483 per
721 4440 752 4470 κ
775 4441 837 4465 =
867 4442 906 4481 ις
936 4427 1210 4472 exaratur.
