3559 5609
1575 771 1649 820 VI
1666 809 1678 830 ‚
1712 771 1822 822 2-4.
2709 772 2769 823 55

635 889 855 968 βιωτικά
923 888 1188 951 indicat.
1253 877 1528 966 Insuper
1588 894 1735 949 ante
1794 888 2015 968 βιωτικά
2085 881 2612 951 subaudiendum
2671 895 2766 952 est

631 996 937 1079 κρινοῦμεν(
955 994 1028 1077 l)
1056 996 1097 1057 J
1104 995 1397 1057 udicium
1424 1004 1532 1056 τῶν
1553 1002 1817 1076 βιωτικῶν
1843 996 2045 1074 igitur
2069 1003 2197 1057 tam
2217 996 2764 1074 eschatologicum

633 1109 727 1164 est
764 1120 961 1181 quam
1002 1101 1383 1181 angelorum
1416 1103 1770 1187 judicium.
1826 1103 2160 1182 Denique,
2196 1121 2347 1165 cum
2395 1104 2767 1182 frequenter

631 1209 899 1271 verbum
947 1209 1134 1293 κρίνειν
1168 1210 1237 1271 in
1293 1210 1399 1272 his
1433 1229 1492 1270 v.
1538 1218 1984 1290 nuncupetur,
2030 1229 2252 1275 nonne
2287 1212 2531 1291 optima
2564 1213 2656 1276 VI
2679 1259 2694 1286 ‚
2728 1212 2764 1275 2

631 1315 971 1395 explicatio
1008 1318 1113 1390 sit,
1150 1318 1380 1379 ultima
1416 1318 1608 1381 verba
1649 1317 1888 1381 habere
1931 1325 2243 1398 tanquam
2279 1319 2452 1382 idem
2483 1319 2767 1383 valentia

628 1430 820 1503 atque
849 1424 1050 1495 ἀνάξιοί
1079 1428 1197 1485 ἐστε
1233 1425 1420 1508 κρίνειν
1447 1424 1684 1508 κριτήρια
1720 1425 1978 1506 ἐλάχιστα
2003 1426 2031 1486 ⁴?

709 1530 1166 1611 Suspicionem
1190 1540 1400 1595 movet
1429 1534 1607 1595 verbi
1630 1525 1719 1593 οὖν
1745 1534 1816 1595 in
1844 1552 1905 1593 v.
1937 1533 1971 1592 7
1992 1534 2166 1612 apud
2196 1532 2551 1596 nonnullos
2580 1533 2763 1597 codi-

628 1656 731 1702 ces
766 1640 1059 1702 omissio.
1097 1640 1201 1702 Me
1224 1640 1481 1721 judice,
1517 1641 1910 1702 servandum
1941 1632 2029 1700 οῧν
2052 1640 2122 1702 in
2154 1640 2219 1702 h.
2254 1659 2312 1703 v,
2337 1686 2353 1715 ,
2386 1641 2545 1721 quia
2571 1641 2761 1704 lectio

626 1746 1017 1810 difficillima
1033 1754 1149 1810 est.
1174 1746 1478 1810 Ceterum
1494 1767 1556 1808 v.
1591 1745 1686 1827 μὲν
1702 1739 1793 1807 οἶν
1824 1764 2056 1810 sensus
2085 1765 2122 1808 a
2154 1750 2406 1810 Passow
2435 1748 2763 1832 indicatus

625 1854 879 1917 dandus
930 1861 1025 1917 est
1081 1872 1094 1915 ε
1149 1878 1175 1910 α
1233 1855 1411 1917 Ganz
1463 1853 1927 1933 ausgemacht,
1961 1853 2133 1916 ohne
2183 1854 2352 1916 allen
2387 1855 2680 1918 Zweii'el.
2729 1880 2757 1911 r»

623 1996 702 2007 -—
760 1961 887 2026 Sed
917 2012 932 2040 ,
994 1961 1110 2024 illa
1162 1962 1438 2025 lectione
1489 1969 1817 2043 perspecta
1842 2006 1860 2036 ‚
1915 1962 1969 2023 si
2026 1960 2135 2024 3-4
2188 1978 2335 2023 cum
2389 1961 2421 2019 7
2471 1959 2762 2024 conferre
2835 2002 2843 2012 ·

620 2068 800 2146 libet,
835 2087 1093 2131 mecum
1124 2069 1389 2131 fortasse
1420 2068 1815 2148 conjectabis
1845 2067 2128 2130 Paulum
2159 2068 2412 2131 dedisse
2568 2069 2760 2149 μήτιγε

621 2177 874 2256 βιωτικά;
910 2176 1001 2237 καὶ
1027 2177 1264 2260 κριτήρια
1294 2176 1386 2237 ἐὰν
1413 2176 1695 2260 κρίνητε...
1728 2176 2020 2239 Verbum
2051 2177 2272 2258 βιωτικά
2297 2176 2398 2239 bis
2425 2194 2756 2255 perperam

622 2284 934 2364 scriptum
965 2285 1112 2347 fuit.
1146 2286 1275 2360 Qui
1308 2302 1486 2350 error
1516 2302 1550 2347 e
1582 2284 1752 2345 mala
1785 2284 2142 2347 insertione
2173 2291 2366 2347 natus
2399 2290 2495 2347 est
2523 2285 2755 2347 verbo-

622 2411 768 2455 rum
804 2391 899 2473 μὲν
928 2385 1017 2453 οῧν
1052 2392 1121 2452 in
1155 2412 1212 2453 v.
1248 2393 1282 2452 7
1303 2438 1319 2467 ,
1356 2394 1798 2471 neglectorum
1829 2393 2000 2454 inter
2030 2392 2252 2472 βιωτικά
2284 2399 2343 2454 et
2370 2393 2460 2454 καὶ
2488 2393 2751 2477 κριτήρια.

620 2500 813 2563 Unde
848 2500 1044 2562 etiam
1074 2499 1344 2562 omissio
1383 2500 1734 2580 particulae
1774 2499 1903 2573 καί,
1938 2517 2105 2579 quae
2135 2507 2282 2561 ante
2311 2500 2550 2584 κριτήρια
2583 2499 2754 2562 nihil

620 2607 867 2668 mirum
906 2607 1182 2685 praebet.
1233 2607 1571 2687 Denique,
1619 2607 1675 2669 si
1717 2625 1822 2669 me
1865 2607 2095 2682 audis,
2142 2608 2203 2668 τὸ
2246 2607 2396 2689 ἔχετε
2441 2627 2500 2668 v.
2538 2608 2572 2667 7
2608 2625 2750 2671 cor-

617 2715 985 2794 ruptionem
1022 2733 1083 2776 ν.
1119 2714 1323 2797 κρίνητε
1360 2713 1641 2793 peperit,
1692 2732 1892 2793 quam
1937 2714 2432 2794 palaeographia
2465 2721 2751 2778 ceterum

620 2839 748 2884 non
784 2821 875 2883 ita
908 2821 1174 2883 difficile
1207 2822 1502 2900 explicat.

700 2928 1105 3007 significatio
1133 2936 1341 2991 textus
1371 2930 1654 2992 restituti
1675 2948 1751 2993 ea
1780 2937 1874 2992 est
1905 2949 1917 2992 ε
1950 2932 1990 2993 J
2000 2931 2220 2994 udices
2245 2949 2529 3010 paganos
2559 2949 2750 3011 quae-

619 3034 808 3095 ritis?
852 3035 1087 3108 Nonne
1136 3035 1318 3096 scitis
1350 3042 1605 3099 sanctos
1640 3039 1965 3099 mundum
1991 3038 2443 3117 judicaturos?
2473 3040 2659 3113 Quod
2692 3038 2748 3099 si

619 3160 730 3206 vos
762 3143 1087 3204 mundum
1116 3142 1425 3222 judicatis
1464 3143 1569 3224 (=
1600 3145 2052 3228 judicabitis),
2106 3164 2265 3207 num
2299 3146 2559 3224 indigni
2593 3146 2747 3209 estis

615 3251 728 3330 qui
757 3251 1011 3332 judices
1041 3268 1323 3329 paganos
1345 3252 1693 3331 judicetis?
1727 3253 1963 3315 Nonne
1995 3253 2173 3315 scitis
2207 3271 2324 3315 nos
2353 3252 2618 3332 angelos
2642 3253 2748 3334 ju-

611 3358 980 3422 dicaturos?
1002 3367 1061 3420 et
1088 3358 1448 3422 saeculares
1470 3360 1730 3440 judices
1751 3380 1791 3421 α
1819 3360 2071 3442 fortiori
2099 3379 2229 3423 non
2257 3361 2744 3440 judicaremus?

609 3468 793 3541 Quod
828 3467 882 3528 si
902 3467 1212 3546 judicatis
1241 3466 1472 3546 (praes.
1506 3469 1662 3547 prol.
1702 3476 1772 3529 ut
1794 3469 1855 3528 τὸ
1883 3469 2111 3552 κρίνεται
2138 3470 2208 3531 in
2234 3469 2350 3544 VI,
2379 3467 2465 3549 2),
2488 3470 2744 3552 judices

611 3592 926 3652 paganos,
985 3574 1133 3635 illos
1174 3575 1288 3653 qui
1344 3594 1455 3653 pro
1502 3574 1713 3637 nihilo
1761 3576 1829 3636 in
1876 3575 2146 3639 ecclesia
2187 3575 2553 3650 habentur,
2595 3574 2742 3638 illos

608 3681 1002 3742 constituitis
1046 3688 1286 3744 vestros
1315 3682 1619 3760 judices?

690 3788 864 3850 Adeo
904 3787 1151 3850 valebat
1192 3788 1511 3850 sententia
1558 3787 1671 3848 illa
1717 3786 2125 3867 (Corinthios
2161 3789 2419 3866 judicos
2468 3806 2738 3850 suorum

669 4072 731 4134 (1)
766 4073 891 4122 Non
929 4073 1009 4133 (ut
1040 4072 1226 4134 Godet)
1256 4075 1490 4136 λέγωμεν.
1528 4071 1610 4120 Cf,
1646 4078 1868 4120 Passow
1905 4090 1917 4119 :
1951 4086 1975 4117 (ι
2011 4072 2071 4119 In
2107 4070 2472 4134 Verbindung
2503 4074 2601 4122 mit
2631 4074 2737 4124 den

607 4163 887 4212 Partikeln
915 4165 971 4226 γέ
1000 4177 1052 4209 u.
1087 4164 1145 4221 δή
1175 4163 1311 4210 wird
1354 4165 1418 4225 μή
1457 4181 1504 4211 τι
1546 4162 1821 4225 elliptisch
1860 4161 2189 4224 gebraucht‚
2223 4175 2285 4210 so
2330 4162 2457 4212 dass
2487 4164 2738 4214 daneben

605 4254 703 4302 der
732 4253 1213 4303 Verbalausdruck
1250 4253 1346 4301 des
1378 4253 1871 4316 vorhergehenden
1917 4251 2109 4301 Satzes
2149 4252 2472 4302 wiederholt
2501 4268 2571 4304 zu
2600 4256 2737 4306 den-

606 4344 712 4392 ken
743 4343 829 4392 ist.
866 4361 888 4390 ›>
