3559 5609
1501 853 1649 918 x1v,
1686 853 1763 907 37.
2614 846 2705 900 137

574 984 707 1039 trac
736 990 973 1037 umores
1026 995 1054 1031 ι
1102 972 1391 1036 diceret?
1438 972 1531 1033 De
1568 969 1844 1032 omnibus
1880 966 2264 1030 mulieribus
2310 981 2523 1028 sermo
2565 971 2699 1037 est,

576 1100 784 1163 neque
819 1081 949 1143 illis
982 1082 1096 1161 qui
1124 1079 1375 1161 judaeis
1407 1078 1756 1159 paganisve
1789 1082 2187 1155 nupserunt,
2220 1090 2433 1154 neque
2463 1072 2699 1148 viduis,

576 1206 658 1251 ne
691 1188 1051 1266 virginibus
1085 1187 1348 1267 quidem
1384 1192 1447 1246 et
1474 1184 1768 1264 innuptis
1810 1189 2014 1245 aetate
2051 1179 2368 1262 provectis
2399 1177 2699 1258 exceptis.

574 1295 775 1356 Porro
802 1298 951 1375 ὑμῶν
972 1303 1033 1356 et
1058 1298 1195 1375 ὑμᾶς
1214 1292 1301 1374 (v.
1332 1291 1436 1373 36)
1454 1309 1679 1355 omnes
1703 1289 2013 1369 legenteS,
2038 1307 2187 1351 cum
2213 1288 2537 1363 homineS,
2568 1294 2703 1348 tum

575 1400 903 1476 muliereS‚
940 1400 1329 1479 significant.
1366 1400 1620 1460 Deinde
1652 1399 1721 1459 in
1749 1417 1808 1458 v.
1835 1396 1911 1459 35
1944 1414 2073 1458 non
2105 1395 2359 1475 scripsit
2388 1393 2631 1456 Paulus
2651 1394 2710 1454 ἐν’

571 1507 700 1592 οἴκῳ
729 1511 892 1588 ὑμᾶς
922 1511 1174 1592 emptor„
1218 1514 1282 1568 at
1327 1524 1483 1569 saue
1513 1504 1633 1573 τοὺς
1676 1506 1834 1573 ἰδίους
1864 1504 2072 1588 ἄνδρας.
2108 1502 2395 1565 Postulat
2425 1501 2705 1580 denique

574 1615 991 1696 symmetria,
1039 1632 1294 1678 mecum
1331 1615 1420 1676 ita
1465 1613 1799 1694 periodum
1833 1612 2186 1675 constituas
2225 1633 2237 1672 :
2278 1613 2336 1670 at
2377 1619 2617 1690 γυναῖκες
2652 1611 2706 1668 ἐν

571 1733 687 1791 ταῖς
738 1725 887 1802 ὑμῶν
936 1722 1239 1797 ἐκκλησίαις
1277 1731 1388 1784 aul.
1427 1726 1481 1782 ἐν
1518 1727 1633 1790 ταῖς
1675 1721 1978 1795 ἐκκλησίαις
2016 1724 2184 1801 ὑμῶν.
2231 1716 2418 1780 Godet
2462 1716 2704 1797 Optime

571 1830 730 1891 vidit
760 1848 979 1893 vocem
1006 1833 1153 1910 ὑμῶν
1183 1830 1395 1893 verbis
1422 1839 1529 1889 τῶν
1559 1828 1722 1909 ἁγίων
1750 1828 2104 1909 oppositam
2137 1844 2274 1888 esse
2307 1847 2321 1887 ι
2357 1825 2558 1886 miror
2585 1823 2703 1900 igi-

578 1945 677 1999 tur
720 1956 868 2000 eum
902 1939 1266 2019 probavisse
1296 1938 1466 2000 hanc
1507 1937 2103 2017 interpretationem
2139 1960 2151 1996 :
2193 1938 2438 1996 taceant
2465 1938 2706 1994 vestrae

574 2060 822 2108 uxores.

1458 2236 1656 2313 XIV,
1703 2234 1801 2298 37.

653 2474 730 2538 In
766 2477 895 2543 *A
921 2477 975 2539 B
1009 2476 1247 2556 legitur
1287 2476 1461 2559 κυρίου
1503 2477 1643 2538 ἐστὶν
1685 2477 1894 2551 ἐντολή.
1938 2476 2147 2552 Quam
2177 2475 2523 2538 lectionem
2554 2490 2704 2535 cum

575 2580 764 2645 Godet
784 2584 1071 2664 accipere
1098 2601 1228 2647 non
1258 2585 1471 2660 audet,
1495 2602 1684 2664 aegre
1715 2584 2056 2648 lectionem
2088 2582 2602 2646 Gebhardtiuam
2631 2580 2701 2642 in

574 2691 630 2750 D
651 2690 773 2753 FG
809 2700 1126 2754 servatam
1157 2692 1333 2777 κυρίου
1362 2693 1501 2754 ἐστίν
1531 2693 1782 2772 accipit.
1823 2692 1972 2754 Nisi
2021 2690 2243 2755 omnia
2279 2708 2381 2752 me
2430 2688 2703 2763 fallunt,

574 2794 759 2858 lectio
785 2796 968 2880 κυρίου
1001 2799 1141 2858 ἐστίν
1170 2798 1588 2877 praeferenda
1625 2807 1741 2861 est.
1778 2798 1857 2859 Et
1889 2798 2168 2877 profecto
2197 2795 2481 2875 dilucide
2511 2810 2702 2873 appa-

571 2913 670 2965 ret
706 2904 879 2966 unde
906 2911 1131 2966 natum
1164 2905 1246 2966 sit
1270 2904 1436 2967 illud
1466 2904 1673 2978 ἐντολή.

653 3010 875 3073 Scriba
905 3013 1077 3073 enim
1123 3019 1235 3074 aut
1267 3011 1464 3074 lector
1494 3012 1762 3092 quidam
1795 3012 2129 3076 verborum
2159 3029 2300 3090 cap.
2338 3009 2436 3086 X,
2471 3009 2536 3070 11
2573 3025 2706 3069 me-

575 3132 714 3179 mor
737 3116 835 3197 (εἶς
864 3117 951 3186 οὓς
978 3117 1045 3178 τὰ
1075 3118 1202 3193 τέλη
1230 3128 1339 3180 τῶν
1356 3118 1596 3180 καῖώνων
1618 3118 1957 3200 ατήντηκεν),
1981 3138 2133 3182 cum
2155 3118 2226 3180 in
2257 3136 2393 3198 cap.
2417 3117 2603 3190 XIV,
2627 3115 2704 3179 36

572 3223 749 3286 hunc
789 3225 1000 3287 locum
1045 3225 1284 3305 legeret
1330 3245 1346 3289 :
1392 3225 1426 3299 ἢ
1463 3231 1537 3295 εἷς
1585 3230 1723 3307 ὑμᾶς
1773 3226 1960 3307 μόνους
1998 3227 2322 3302 κατήντησεν
2347 3274 2361 3301 ,
2412 3242 2594 3287 voces
2635 3221 2704 3283 τὰ

570 3330 697 3405 τέλη
731 3331 797 3393 in
830 3333 1126 3411 margine
1151 3334 1429 3413 scripsit,
1465 3342 1533 3395 ut
1559 3333 1953 3396 sententiam
1983 3332 2172 3396 Pauli
2200 3333 2332 3395 illis
2360 3332 2572 3394 verbis
2604 3349 2705 3393 ex-

573 3438 884 3518 planaret.
927 3440 1227 3504 Tournier
1254 3448 1470 3503 autem
1504 3444 1756 3504 monuit
1793 3441 1883 3524 (p.
1918 3440 2024 3522 53)
2052 3442 2328 3504 litteram
2372 3466 2404 3501 τ
2430 3458 2468 3502 a
2506 3438 2705 3502 libra·

571 3546 691 3607 riis
739 3547 1017 3609 incautis
1055 3566 1167 3627 pro
1202 3557 1348 3612 nota
1391 3549 1621 3612 haberi
1651 3567 1858 3628 posse,
1893 3567 2091 3630 quam
2120 3550 2198 3610 ad
2236 3549 2428 3611 verba
2467 3547 2707 3609 omissa

573 3670 890 3733 apponere
920 3653 1228 3732 solebant,
1267 3664 1335 3716 ut
1363 3656 1436 3717 in
1477 3664 1717 3718 textum
1747 3656 2192 3718 insererentur
2220 3656 2484 3717 iterum.
2516 3655 2706 3716 Litte-

572 3759 663 3820 ris
706 3759 906 3836 igitur
958 3759 1207 3842 (τ)ατελη
1257 3765 1398 3841 post
1439 3762 1615 3846 κυρίου
1669 3762 1812 3824 ἐστίν
1853 3762 2115 3824 insertis
2142 3809 2158 3839 ,
2212 3760 2707 3842 palaeographia

573 3864 761 3927 facile
784 3867 1063 3928 ostendit
1092 3869 1411 3946 quomodo
1441 3869 1530 3930 ita
1558 3876 1840 3932 mutatae
1861 3869 2124 3945 suerint,
2157 3876 2227 3930 ut
2251 3888 2315 3932 v,
2341 3867 2526 3942 ἐντολή
2555 3884 2702 3929 nas·

572 3982 846 4036 ceretur.
880 3972 1180 4036 Ceterum
1212 3976 1354 4037 fieri
1384 3976 1579 4038 etiam
1604 3977 1805 4056 potest
1823 3984 1895 4037 ut
1925 3994 1986 4035 v.
2010 3978 2178 4049 ατολη
2207 3976 2274 4036 in
2297 3973 2481 4047 ἐντολή
2502 3981 2705 4036 muta-

576 4083 715 4140 tum
747 4079 945 4141 fuerit
985 4088 1333 4160 antequam
1380 4081 1822 4145 includeretur
1855 4082 2165 4156 orationi,
2199 4081 2442 4162 illaque
2478 4098 2707 4161 perpe-

577 4192 736 4247 trata
770 4186 1041 4249 mutatio
1083 4186 1224 4267 ipsa
1253 4205 1445 4250 causa
1479 4188 1674 4251 fuerit
1715 4206 1833 4253 cur
1876 4188 2257 4269 marginalis
2295 4204 2410 4252 vox
2454 4192 2525 4252 in
2556 4188 2624 4248 h.
2657 4187 2702 4247 1.

573 4291 1108 4375 interponeretur.

2618 5558 2637 5563 f
2614 5530 2625 5537 ¹
2632 5492 2647 5509 μ

2638 5488 2677 5585 :Mt-422
