3559 5609
875 829 966 882 126
1767 825 1901 889 xn,
1942 814 2109 877 1243.

872 948 1140 1010 facultas
1171 955 1265 1010 est
1291 946 1517 1025 lingua
1543 945 1879 1026 loquendi.
1918 946 2090 1020 Quid
2133 943 2383 1006 multa?
2411 945 2584 1006 inter
2617 943 3007 1006 charismata

871 1057 955 1118 ad
981 1073 1315 1118 summum
1345 1072 1545 1135 pauca
1580 1061 1734 1116 sunt
1776 1054 2137 1117 constantia
2178 1070 2251 1114 ac
2277 1052 2761 1132 permanentia3
2793 1051 2997 1131 plera-

871 1181 1019 1244 que,
1039 1162 1170 1225 nisi
1192 1164 1436 1239 omnia,
1466 1155 1722 1242 semper
1743 1161 2093 1227 reficienda
2124 1167 2274 1222 sunt
2298 1159 2767 1241 (animadverte
2784 1161 3004 1223 omnia

870 1289 931 1331 v.
967 1269 1108 1332 4-11
1140 1268 1545 1350 praesentia).
1575 1269 1731 1332 Aor.
1766 1268 2033 1347 quidem
2062 1285 2191 1329 non
2223 1267 2432 1344 magis
2454 1267 2760 1357 adversus
2791 1284 3000 1328 meam
3098 1286 3106 1291 ·

869 1376 1468 1457 interpretationem
1500 1395 1697 1457 quam
1732 1377 2042 1438 adversus
2076 1374 2256 1437 illam
2302 1373 2488 1437 Godet
2539 1375 2707 1437 facit.
2760 1373 3002 1436 Paulus

870 1484 1308 1546 demonstrare
1340 1483 1475 1546 vult
1504 1502 1571 1547 se
1605 1484 2122 1563 christianosque
2153 1482 2525 1546 Corinthios
2554 1531 2566 1558 ,
2616 1500 2792 1544 nunc
2835 1488 2897 1543 et
2929 1482 3001 1543 in

867 1593 1191 1671 praesenti
1246 1610 1454 1655 unum
1503 1609 1733 1671 corpus
1795 1609 1968 1666 esse,
2028 1598 2195 1655 etc...
2264 1591 2355 1651 Ex
2409 1608 2483 1652 eo
2541 1597 3001 1668 argumentum

867 1698 1045 1761 ducit
1092 1692 1264 1780 quod
1305 1716 1456 1785 cum
1503 1698 1641 1776 illi,
1693 1706 1830 1760 tum
1877 1698 2014 1777 ipse
2067 1698 2364 1777 baptizati
2399 1705 2553 1759 sunt
2605 1706 2667 1758 et
2717 1695 2999 1760 Coenam

867 1807 1434 1887 participaverunt.
1487 1805 1677 1868 Nihil
1721 1805 2086 1886 simplicius
2124 1813 2240 1866 est.
2288 1804 2424 1868 Nec
2466 1804 2712 1866 Paulus
2741 1821 2999 1865 necesse

865 1913 1143 1977 habebat
1187 1914 1266 1975 de
1301 1914 1537 1976 futuris
1580 1912 1814 1977 Coenis
1870 1912 2141 1975 verbum
2188 1912 2420 1976 facere.
2477 1912 2725 1989 Pagani
2764 1910 2878 1990 qui
2920 1909 3000 1972 ad

865 2021 1156 2101 quinque
1200 2029 1311 2082 aut
1353 2037 1462 2081 sex
1493 2037 1701 2085 annos
1729 2019 2221 2099 baptizabuntur
2249 2037 2323 2081 ac
2350 2018 2633 2082 Coenam
2660 2019 3000 2098 participa-

864 2127 1068 2203 bunt,
1103 2144 1234 2190 non
1276 2133 1461 2203 sunt,
1513 2144 1721 2203 nunc,
1771 2127 1905 2208 ipso
1950 2124 2144 2208 facte,
2190 2143 2339 2189 cum
2386 2125 2747 2189 Corinthiis
2794 2143 2998 2187 unum

866 2253 1117 2316 corpuS.
1174 2235 1410 2299 Procul
1467 2235 1661 2298 dubio
1709 2235 1988 2298 scribere
2043 2253 2346 2315 praesens
2398 2234 2713 2315 ποτιζόμεθα
2761 2234 2999 2296 Paulus

864 2343 1196 2424 potuisset.
1240 2343 1378 2406 Hoc
1418 2352 1634 2405 tamen
1689 2360 1824 2406 non
1875 2353 2012 2404 erat
2054 2361 2351 2419 necesse,
2395 2350 2586 2423 atque
2626 2359 2759 2404 aor.
2813 2341 2997 2420 quasi

863 2458 1088 2531 sponte
1147 2467 1260 2512 sua
1308 2451 1449 2531 ejus
1506 2450 1883 2529 cogitationi
1934 2451 2240 2512 occurrit·
2265 2457 2403 2530 post
2457 2448 2863 2528 ἐὸαπτίσθημεν.
2920 2481 2996 2494 --

864 2556 1199 2619 Addamus
1234 2557 1708 2638 comparatione
1745 2565 1944 2619 nostr.
1981 2576 2041 2618 v.
2076 2575 2226 2619 cum
2259 2534 2482 2636 primis
2510 2572 2649 2636 cap.
2685 2556 2752 2618 X
2796 2556 2993 2617 versi-

863 2663 983 2726 bus
1012 2663 1387 2726 conflrmari
1415 2663 2016 2743 interpretationem
2048 2682 2214 2743 quae
2250 2663 2582 2728 contendit
2612 2680 2761 2726 voce
2791 2662 2999 2723 ἐποτίσ-

861 2775 1024 2851 θημεν
1050 2770 1335 2834 Coenam
1360 2770 1738 2848 significari.

1776 2984 1934 3062 XII,
1974 2985 2084 3081 28.-

827 3274 832 3279 ,
940 3202 1188 3265 Offensi
1217 3207 1369 3263 sunt
1386 3202 1522 3280 jam
1550 3198 1668 3262 alii
1704 3200 2084 3279 interpretes
2114 3200 2326 3262 verbis
2355 3198 2442 3267 οὓς
2472 3199 2588 3279 μέν.
2631 3202 2826 3262 Recte
2854 3198 2996 3278 qui-

861 3310 1032 3371 dem.
1084 3309 1255 3370 Nam
1294 3325 1443 3369 cum
1488 3328 1546 3370 v.
1590 3311 1798 3390 πρῶτον
1848 3307 1926 3368 de
1974 3308 2230 3385 integro
2287 3307 2690 3369 enumeratio
2741 3306 2991 3386 incipit.

864 3416 1199 3476 Praeterea
1242 3413 1401 3493 quid
1434 3413 1562 3474 sibi
1598 3412 1813 3505 velint·
1850 3412 2041 3474 verba
2084 3412 2222 3492 μέλη
2260 3415 2320 3472 ἐκ
2350 3411 2535 3496 μέρους
2570 3418 2709 3492 post
2737 3415 2888 3492 ὑμεῖς
2918 3445 2998 3458 --

857 3531 1019 3602 σῶμα
1048 3520 1298 3605 Χρᾳοτοῢ)
1339 3538 1469 3582 non
1502 3521 1654 3582 satis
1682 3519 1937 3582 subtilis
1968 3538 2114 3582 sum
2149 3528 2217 3582 ut
2245 3519 2627 3598 intelligam.
2668 3519 2868 3581 Nulla
2897 3529 2995 3582 est

859 3630 1173 3693 dubitatio
1207 3628 1559 3708 prudenter
1587 3628 2027 3704 censentibuS,
2062 3630 2222 3710 quin
2258 3646 2447 3713 yoces
2479 3629 2570 3688 καὶ
2608 3627 2694 3696 οὒς
2734 3627 2831 3709 μέν
2862 3645 2994 3690 una

854 3736 1054 3799 litura
1093 3735 1406 3798 delendae
1447 3737 1600 3815 sint,
1643 3743 1709 3799 ut
1744 3736 2178 3816 dittographia
2219 3745 2408 3798 natae
2442 3755 2476 3798 e
2507 3736 2895 3817 praegressis
2930 3729 2989 3795 ἐκ

855 3844 1065 3928 μέρους.
1098 3843 1362 3920 Constat
1386 3860 1569 3906 voces
1600 3847 1669 3904 ,ἐκ
1701 3850 1762 3906 et
1789 3844 1882 3904 καί
1909 3862 1947 3906 a
1975 3843 2258 3906 librariis
2288 3843 2664 3923 saepissime
2695 3843 2992 3905 confusas

855 3971 994 4016 esse
1025 3951 1247 4032 (Bast).
1286 3951 1470 4025 Quod
1511 3951 1592 4012 ad
1629 3967 1848 4013 vocem
1891 3950 2077 4034 μέρους
2119 3953 2382 4028 attinet,
2421 3970 2495 4013 ex
2539 3950 2989 4012 immutatione

852 4057 1250 4140 syllabarum
1280 4079 1367 4125 ους
1397 4063 1457 4118 et
1489 4081 1585 4138 μεν
1623 4074 1697 4119 ac
1739 4057 2118 4120 confusione
2148 4055 2511 4120 litterarum
2544 4082 2572 4117 ν
2603 4065 2666 4120 et
2697 4055 2985 4141 p.(Bast)‚

852 4174 1004 4231 nata
1038 4183 1177 4228 esse
1207 4164 1482 4227 videtur.
1517 4164 1712 4227 Nunc
1739 4173 1958 4226 autem
1992 4165 2214 4227 omnia
2253 4172 2422 4226 recte
2470 4171 2533 4226 et
2574 4163 2800 4226 ordine
2836 4180 3009 4242 pro-⁴-

853 4273 1126 4350 cedunt,
1186 4277 1431 4334 remota
1487 4270 1756 4333 molesta
1808 4269 2274 4351 dittographia,
2319 4288 2392 4332 ac
2444 4270 2986 4332 subdistinctione
3034 4310 3037 4313 η

847 4382 1125 4465 reposita
1151 4380 1321 4442 inter
1349 4380 1580 4460 Χριστοῦ
1605 4385 1668 4440 et
1692 4377 1782 4438 καὶ
1814 4377 1974 4457 μέλη,
2007 4378 2165 4441 dum
2195 4386 2366 4441 arcte
2397 4378 2588 4442 modo
2624 4378 2714 4438 καὶ
2748 4375 2887 4457 μέλη
2925 4379 2985 4437 ἐκ
