3559 5609
779 803 840 851 82
1679 798 1780 847 VII
1797 837 1808 860 ‚
1846 798 2016 849 25-38.

779 924 953 994 sunt,
987 924 1102 979 aut
1128 916 1330 976 nimis
1357 914 1561 976 multo
1584 920 1722 992 post
1747 913 2080 976 saeculum
2102 913 2526 993 apostolicum
2552 913 2806 992 scripta.
2833 913 2908 972 ln

778 1031 903 1089 toto
939 1025 1079 1087 loco
1104 1022 1351 1084 Paulus
1376 1023 1565 1084 modo
1587 1027 1621 1093 ἡ
1645 1022 1916 1104 παρθένος,
1943 1039 2269 1100 nusquam
2292 1026 2321 1081 ὁ
2347 1021 2593 1103 παρθένος
2621 1018 2907 1081 adhibet.

774 1167 851 1176 —
890 1132 1124 1210 Liquet
1158 1136 1370 1190 tamen
1406 1130 1476 1189 in
1509 1147 1567 1188 v.
1605 1129 1679 1204 27
1700 1174 1717 1203 ,
1757 1129 1869 1202 28,
1915 1128 1989 1189 29
2025 1128 2388 1206 apostolum
2426 1129 2705 1207 Juvenes
2739 1143 2911 1188 com-

775 1238 1030 1318 pellare.
1069 1235 1593 1314 symmetriaque
1629 1236 1909 1297 ostendit
1938 1234 2114 1296 idem
2144 1235 2215 1295 in
2246 1253 2306 1295 v.
2346 1233 2421 1297 32
2458 1234 2599 1297 fieri
2625 1282 2639 1309 ,
2674 1234 2745 1294 in
2780 1250 2909 1312 quo

714 1411 717 1414 ,
775 1351 804 1406 ὃ
824 1345 1029 1424 ἄγαμος
1056 1342 1326 1404 vocibus
1354 1348 1389 1415 ἡ
1417 1341 1700 1423 παρθένος,
1722 1348 1756 1414 ἡ
1788 1342 1993 1422 ἄγαμος
2022 1342 2385 1420 respondet.
2419 1341 2510 1409 In<
2528 1361 2587 1402 V.
2614 1343 2651 1402 8
2674 1342 2812 1420 jam
2834 1342 2914 1405 de

775 1451 945 1531 ἄγαμ.
992 1449 1240 1511 Paulus
1272 1449 1528 1511 locutus
1572 1455 1699 1522 est,
1749 1450 1859 1510 sed
1900 1448 2093 1530 (illud
2126 1450 2305 1510 enim
2349 1467 2423 1510 ex
2458 1466 2531 1511 eo
2573 1450 2913 1512 conficitur

776 1559 948 1638 quod
973 1558 1151 1638 ’ἄγαμ.
1198 1563 1258 1617 et
1285 1581 1410 1637 χηρ.
1446 1555 1919 1636 apponuntur),
1954 1557 2033 1617 de
2064 1555 2424 1619 coelibibus
2455 1562 2614 1618 natu
2646 1559 2912 1637 majori·-

776 1666 899 1728 bus
943 1664 1281 1742 cogitavit3
1328 1663 1438 1725 hic
1468 1669 1689 1725 contra
1717 1664 1797 1726 de
1837 1663 2357 1726 adolescentibus
2400 1665 2637 1742 cogitat
2672 1685 2685 1727 :
2730 1665 2912 1727 nulla

777 1779 871 1834 est
904 1771 1108 1850 igitur
1138 1771 1413 1833 iteratio.
1457 1805 1535 1816 ——
1569 1771 1749 1845 Quae
1779 1788 1932 1833 cum
1961 1771 2052 1831 ita
2092 1772 2257 1846 sint,
2310 1758 2377 1833 si‘
2415 1772 2495 1833 de
2541 1770 2911 1836 adolescen-

777 1879 951 1940 tibus
991 1877 1317 1956 loquitur,
1356 1879 1680 1956 quomodo
1720 1896 1781 1938 v,
1823 1878 1857 1938 5
1891 1877 2107 1940 verbis
2137 1878 2255 1960 περὶ
2287 1889 2394 1938 τῶν
2434 1878 2721 1962 παρθένων,
2769 1878 2907 1941 scil.

778 1986 850 2048 de
898 1985 1241 2067 virqinibus
1286 1986 1572 2064 incipere
1626 1988 1877 2064 potest?
1926 1986 2165 2048 Nonne
2210 2005 2446 2065 pravus
2496 1995 2591 2050 est
2643 1988 2909 2063 tituluS‚

778 2093 1309 2173 quandoquidem
1353 2093 1432 2155 de
1479 2093 2002 2155 adolescentibus
2053 2112 2314 2174 quoque
2378 2112 2590 2157 sermo
2651 2095 2913 2158 futurus

779 2201 906 2262 sit?
936 2202 1039 2263 An
1073 2200 1261 2263 Godet
1290 2200 1732 2280 interpretatio
1770 2201 2100 2281 sequenda
2141 2208 2236 2264 est
2276 2203 2704 2265 asseverantis
2739 2228 2751 2263 :
2791 2227 2819 2259 α
2857 2202 2913 2264 si

780 2308 945 2371 Paul
988 2309 1083 2370 dit
1133 2327 1223 2370 un
1266 2317 1401 2371 mot
1435 2310 1547 2371 des
1577 2311 1812 2388 jeunes
1849 2310 2183 2386 hommeS‚
2221 2328 2293 2373 ce
2337 2312 2499 2374 n'est
2531 2311 2724 2390 qu'en
2766 2329 2911 2390 pas·

778 2423 921 2478 sant
962 2423 1021 2477 et
1052 2432 1214 2494 pour
1249 2424 1535 2478 montrer
1577 2418 1775 2497 qu'au
1820 2417 1978 2479 fond
2004 2466 2018 2492 ‚
2067 2417 2116 2478 il
2147 2435 2231 2479 ne
2265 2423 2396 2478 met
2442 2435 2550 2496 pas
2594 2419 2672 2480 de
2720 2418 2909 2480 diffe-

777 2540 1000 2598 rence,
1039 2523 1201 2585 dans
1230 2540 1301 2585 ce
1330 2523 1489 2601 qu'il
1521 2524 1614 2583 dit
1648 2524 1760 2599 ici,
1791 2531 1970 2585 entre
1999 2524 2093 2586 les
2123 2524 2292 2586 deux
2321 2526 2544 2587 sexes?
2583 2548 2607 2579 ι)
2636 2524 2913 2587 Minime

777 2630 1064 2711 quidem.
1107 2629 1231 2691 Hic
1260 2637 1355 2690 est
1389 2630 1835 2693 verisimiliter
1861 2633 2195 2709 genuinus
2222 2633 2396 2694 tituli
2428 2650 2659 2695 sensus
2695 2658 2706 2693 ε
2747 2633 2913 2695 Pau-

772 2734 880 2799 lus
908 2754 1248 2815 nunquam
1283 2737 1573 2814 virgines
1604 2737 1777 2815 ipsas
1805 2787 1817 2814 ‚
1857 2739 2097 2801 directo
2128 2789 2141 2815 ,
2175 2739 2550 2818 compellat„
2590 2739 2701 2801 sed
2737 2756 2911 2801 sem-

773 2862 887 2923 per
911 2845 989 2905 de
1021 2844 1153 2906 illis
1181 2843 1492 2931 loquitur.
1529 2845 1724 2906 Nunc
1753 2845 1834 2906 ad
1871 2845 2017 2908 illos
2048 2848 2415 2909 orationem
2445 2846 2760 2910 convertit
2796 2847 2913 2926 qui

775 2952 1062 3031 virgines
1092 2951 1343 3013 ducunt
1374 2968 1604 3015 uxores
1633 2954 1749 3033 (sc.
1793 2954 2107 3033 maritos),
2145 2973 2325 3017 nunc
2357 2955 2437 3018 ad
2467 2954 2616 3017 illos
2635 2955 2751 3034 qui
2776 2955 2911 3015 vir-

771 3061 958 3139 gines
992 3059 1061 3121 in
1101 3060 1594 3121 matrimonium
1627 3062 1781 3122 dant
1814 3060 1930 3142 (sc.
1971 3061 2230 3141 patres),
2266 3079 2592 3141 nusquam
2625 3063 2705 3124 ad
2738 3063 2913 3140 ipsas

773 3167 1083 3246 virgines.
1120 3168 1197 3228 In
1231 3167 1335 3228 his
1371 3167 1566 3228 etiam
1598 3167 1812 3230 verbis
1841 3168 1912 3228 in
1941 3168 2184 3247 quibus
2217 3186 2430 3248 neque
2460 3175 2670 3248 patres
2700 3186 2912 3248 neque

770 3276 1037 3336 maritos
1068 3274 1152 3354 (v,
1190 3274 1336 3334 28aa
1356 3322 1369 3349 ‚
1412 3271 1516 3355 34)
1546 3273 1913 3352 compellat,
1955 3275 2161 3352 pergit
2193 3281 2407 3337 tamen
2438 3277 2517 3338 de
2541 3274 2913 3354 virginibus

772 3381 984 3461 loqui,
1019 3380 1167 3442 illas
1197 3386 1414 3441 autem
1454 3398 1584 3442 non
1623 3381 1890 3459 alloqui.
1938 3381 2214 3444 Minime
2252 3382 2456 3460 igitur
2483 3401 2720 3462 pravus
2755 3382 2911 3444 titu—

769 3489 875 3550 lus
906 3495 1021 3564 est,
1053 3505 1182 3567 quo
1213 3495 1429 3549 tamen
1468 3505 1600 3549 non
1632 3488 1929 3566 cogimur
1957 3489 2172 3550 dicere
2201 3489 2279 3551 de
2311 3489 2689 3579 virginibus·
2717 3490 2909 3552 modo

769 3602 880 3658 aut
920 3594 1297 3673 praesertim
1337 3610 1703 3655 sermonem
1746 3595 2044 3656 futurum
2080 3594 2343 3674 (Civilis
2388 3596 2721 3674 virginum
2751 3613 2908 3658 con-
3001 3587 3009 3595 ’

769 3703 929 3765 ditio
960 3719 1154 3785 causa
1173 3701 1334 3762 forte
1355 3707 1449 3763 est
1467 3718 1584 3763 cur
1604 3701 1752 3764 illas
1774 3719 1905 3763 non
1941 3702 2327 3783 compellet).
2353 3690 2688 3764 Sententia
2708 3720 2906 3782 quam

771 3808 959 3872 Godet
987 3804 1331 3871 defendere
1362 3816 1669 3884 conatur,
1704 3809 1964 3871 defendi
1993 3809 2319 3871 nimirum
2350 3816 2484 3871 tam
2513 3809 2679 3872 bene
2705 3816 2913 3888 potest

767 3934 966 3997 quam
997 3916 1263 3977 illorum
1294 3914 1518 3993 opinio
1548 3913 1664 3993 qui
1695 3913 2161 3976 contenderent
2185 3914 2497 3992 Paulum,
2530 3915 2689 3977 dum
2719 3915 2907 3990 VIII,

773 4025 795 4084 1
840 4041 989 4085 cum
1019 4023 1135 4105 περὶ
1164 4034 1271 4081 τῶν
1301 4019 1654 4082 εἰδωλοθύτων
1683 4021 2020 4098 inciperet,
2051 4022 2241 4083 modo
2272 4029 2383 4083 aut
2413 4022 2799 4102 praesertim
2829 4022 2909 4084 de

764 4131 997 4193 hostiis
1037 4147 1405 4193 sermonem
1444 4129 1651 4191 facere
1681 4127 1999 4204 voluisse,
2036 4146 2169 4191 non
2210 4138 2430 4192 autem
2461 4131 2540 4193 de
2581 4130 2899 4194 Christia-

763 4240 873 4302 nis
911 4239 1026 4318 qui
1058 4238 1205 4299 illas
1236 4237 1675 4309 comederent,
1711 4242 1824 4296 aut
1850 4236 2099 4313 saltem,
2136 4243 2386 4299 tantum
2418 4239 2646 4313 obiter,
2683 4238 2902 4300 n‘escio

764 4362 894 4424 quo
926 4360 1079 4406 casu
1108 4393 1121 4423 ‚
1156 4342 1545 4405 christianos
1572 4358 2135 4404 commemorasse.
