3559 5609
853 848 918 899 ‘28
1809 847 1859 898 11
1876 885 1889 909 ‚
1925 848 2033 899 6-7.

854 965 1159 1045 graphice
1211 965 1508 1028 confusio
1548 964 1911 1027 litterarum
1949 990 2004 1039 κ,
2040 989 2090 1039 ν,
2125 988 2186 1039 π,
2219 989 2251 1024 τ
2295 961 2658 1045 (Vollgraff)
2706 960 2979 1043 expedit.

937 1076 1240 1136 Attamen
1267 1122 1281 1143 .‚
1322 1074 1378 1135 si
1404 1075 1549 1154 quis
1578 1075 1826 1137 confert
1855 1091 2003 1135 cum
2037 1074 2125 1147 ΙΙ,
2154 1074 2212 1146 6,
2244 1091 2406 1135 vers.
2448 1072 2618 1134 XIII
2647 1121 2661 1147 ‚
2707 1071 2770 1134 11
2817 1078 2878 1132 et
2909 1069 2942 1131 I
2967 1116 2983 1147 ‚

863 1181 958 1258 19,
998 1182 1094 1253 20,
1126 1182 1222 1254 28,
1257 1190 1319 1243 et
1349 1184 1612 1261 insuper
1639 1182 2097 1245 animadvertit
2127 1181 2196 1242 in
2231 1199 2395 1242 verS.
2430 1182 2465 1240 7
2499 1179 2776 1241 Paulum
2802 1177 2988 1261 σοφίαν

862 1289 963 1369 τὴν
997 1288 1460 1373 ἀποκεκρυμμένην
1494 1289 1845 1368 scripsisse,
1881 1288 2417 1367 sibi.persuadere
2441 1305 2569 1350 non
2604 1288 2802 1367 possit
2825 1286 2988 1348 Pau-

859 1396 995 1458 lum
1028 1398 1095 1457 in
1125 1415 1187 1457 v.
1226 1396 1262 1458 6
1295 1414 1424 1459 non
1457 1397 1706 1458 dedisse
1744 1395 1841 1470 τὴν
1870 1396 2294 1478 καταργουμένην
2328 1396 2437 1477 (1).
2488 1430 2567 1440 -
2602 1395 2763 1456 Cum
2804 1393 2996 1456 Godet

858 1521 1082 1566 recuso
1136 1505 1190 1564 ἐν
1259 1506 1528 1589 μυστηρίῳ
1589 1523 1736 1566 cum
1804 1504 2271 1587 ἀποκεκρυμμένην
2324 1503 2409 1584 (ν.
2478 1505 2536 1579 7)
2596 1503 2989 1580 conjungere

854 1610 1262 1692 (Theodoret,
1331 1612 1587 1674 Thomas
1640 1611 1976 1693 Aquinas).
2042 1611 2232 1673 Godet
2283 1628 2536 1690 quoque
2589 1610 2992 1671 demonstrat
3054 1643 3067 1655 =

858 1717 1016 1778 haec
1060 1718 1250 1778 verba
1293 1719 1372 1778 ad
1413 1721 1676 1798 λαλοῦμεν
1716 1718 1946 1781 referri
1993 1735 2121 1779 non
2165 1735 2346 1797 posse
2392 1716 2684 1796 (Grimm,
2730 1714 2984 1797 Meyer).

860 1825 1004 1887 Non
1037 1835 1303 1905 possunt
1327 1835 1546 1887 autem
1571 1827 1646 1886 ad
1682 1826 1868 1909 σοφίαν
1894 1827 2144 1900 referri,
2176 1835 2243 1886 ut
2262 1844 2337 1886 cu
2347 1825 2438 1905 pit
2462 1824 2668 1887 Godet.
2696 1822 2988 1885 Artienlo

856 1933 950 2007 τήν
978 1941 1126 1995 ante
1161 1935 1213 1994 ἐν
1244 1934 1514 2016 μυστηρίῳ
1548 1952 1739 2011 aegre
1769 1943 1939 1996 earet
1984 1933 2350 2013 propositio,
2390 1933 2515 2007 Qui
2547 1950 2584 1993 a
2618 1930 2809 1993 Godet
2834 1930 2988 1991 cita-

862 2048 963 2101 tur
1006 2040 1182 2103 locus
1224 2040 1470 2121 (Rom,
1516 2043 1597 2116 V,
1647 2041 1738 2122 15)
1786 2041 2042 2103 nullum
2094 2042 2279 2102 affert
2312 2048 2797 2118 argumentum,
2837 2055 2987 2098 nam

860 2164 1191 2238 perperam
1230 2146 1583 2226 explicatur
1614 2148 1695 2209 ab
1738 2165 1833 2210 eo.
1897 2147 2178 2213 Wabnitz
2222 2146 2315 2228 (2)
2362 2155 2528 2208 recte
2579 2146 2806 2207 asserit
2841 2165 2898 2205 v.
2937 2145 2992 2204 ἐν

856 2255 1034 2337 χάριτι
1063 2273 1211 2316 cum
1241 2256 1603 2338 ἐπερίσσευσεν
1630 2265 1690 2317 et
1717 2273 1845 2318 non
1874 2274 2020 2317 cum
2048 2256 2215 2337 δωρεά
2245 2255 2387 2335 conj
2401 2253 2725 2331 ungenda.
2755 2256 2991 2331 Aperte

858 2363 1034 2423 enim
1063 2363 1252 2424 verba
1284 2364 1338 2422 ἐν
1366 2363 1542 2446 χάριτι
1568 2370 1634 2445 τῇ
1663 2375 1758 2423 τοῦ
1782 2363 1968 2431 ἑνός...
2002 2364 2213 2425 verbis
2241 2367 2319 2445 τῷ
2346 2369 2438 2423 τοῦ
2462 2362 2573 2430 ἑνὸς
2599 2359 2990 2444 παραπτώματι

862 2470 1270 2548 respondent.
1310 2504 1390 2517 —-
1436 2473 1577 2533 Meo
1610 2471 1856 2551 judicio
1898 2472 1969 2531 in
2016 2490 2076 2532 V.
2134 2473 2194 2546 7,
2244 2471 2483 2532 Paulus
2534 2473 2586 2530 ἐν
2640 2468 2989 2552 μαρτυρίῳ

860 2577 1219 2654 scripserat.
1267 2579 1412 2639 Non
1455 2587 1548 2639 est
1589 2597 1705 2639 eui·
1738 2565 2253 2639 demonstremus
2298 2577 2576 2661 μαρτύριον
2605 2586 2668 2638 et
2709 2575 2991 2658 μυστήριον

862 2701 1041 2764 posse
1073 2685 1410 2775 confundi,
1446 2703 1596 2747 nam
1627 2688 1694 2747 in
1733 2707 1788 2747 v.
1836 2688 1854 2746 1
1893 2687 2033 2749 cod.
2069 2687 2241 2747 inter
2263 2687 2420 2748 duas
2451 2685 2754 2748 lectiones
2781 2683 2985 2764 μυστή-

860 2816 966 2875 ριον
994 2801 1055 2854 et
1092 2791 1368 2877 μαρτύριον
1399 2794 1868 2856 distrahuntur.
1905 2794 2089 2869 Quod
2118 2795 2171 2855 si
2199 2795 2266 2854 in
2305 2794 2424 2856 hoc
2456 2811 2592 2872 cap.
2630 2810 2745 2855 vox
2780 2790 2988 2872 μυστή-

859 2923 965 2981 ριον
990 2899 1309 2977 legeretur
1338 2900 1555 2980 aliquo
1577 2900 1735 2976 1000,
1756 2901 1826 2961 in
1853 2919 1910 2960 v.
1947 2901 1970 2961 1
2005 2901 2145 2961 sine
2171 2900 2368 2962 dubio
2392 2899 2850 2961 inveniebatur
2876 2894 2985 2977 (3).

921 3165 986 3228 (1)
1033 3167 1116 3214 Ita
1164 3166 1367 3215 Paulus
1426 3167 1752 3229 sapientiam
1814 3168 1910 3215 diu
1954 3167 2336 3216 absconditam
2380 3179 2493 3215 non
2541 3167 2630 3214 alii
2685 3164 2988 3229 sapientiae

862 3269 1025 3317 quam
1053 3255 1205 3304 Deus
1238 3257 1411 3305 multo
1450 3263 1576 3304 ante
1617 3257 1891 3306 detexerit
1923 3258 2163 3320 (Godel)‚
2198 3258 2294 3305 sed
2326 3257 2630 3319 sapientiae
2665 3258 2820 3318 cujus
2859 3269 2989 3317 pro-

861 3344 1058 3404 phetae
1088 3345 1433 3394 eversionem
1459 3346 1857 3395 nuntiaverunt
1887 3345 1948 3408 (Ι,
1985 3346 2058 3405 19,
2092 3343 2159 3396 cf.
2191 3345 2272 3408 28)
2297 3347 2545 3409 opponit.

924 3432 988 3495 (2)
1022 3433 1431 3482 Praeleetiones
1460 3434 1526 3482 de
1563 3436 1722 3497 epist.
1756 3435 1916 3483 Pauli
1943 3434 2012 3482 ad
2047 3435 2344 3485 Romanos

924 3521 1082 3585 (3)‚In
1112 3523 1217 3571 hoc
1250 3538 1302 3571 v.
1336 3524 1499 3573 lectio
1539 3527 1805 3589 μυστήριον
1836 3526 1895 3572 in
1930 3525 1981 3581 8
2027 3525 2218 3573 codice
2260 3526 2493 3588 legitur,
2541 3538 2705 3588 quem
2745 3536 2990 3587 sequun-

862 3617 952 3662 tur
986 3616 1183 3662 WestC.
1230 3616 1282 3661 et
1320 3617 1481 3666 Hort.
1511 3617 1824 3672 EdwardS,
1868 3619 2013 3665 etc...
2053 3615 2179 3663 Non
2222 3615 2380 3677 capio
2426 3629 2595 3677 quare
2646 3617 2814 3663 Goclet
2845 3613 2992 3661 illam

862 3718 886 3746 α
920 3702 1266 3750 absolument
1302 3701 1559 3764 deplacee
1592 3702 1729 3750 dans
1760 3716 1823 3751 ce
1859 3708 2117 3753 contexte
2149 3720 2171 3749 υ
2198 3703 2427 3765 judicat.
2471 3703 2602 3752 Mihi
2644 3706 2838 3751 contra
2867 3715 2991 3750 cum

862 3791 904 3849 1,
941 3790 1115 3852 19-21,
1147 3790 1326 3852 27-28,
1361 3791 1633 3853 quadrare
1673 3792 1881 3854 optime
1915 3792 2162 3851 videtur,
2199 3793 2361 3841 modo
2401 3792 2526 3841 voci
2563 3793 2831 3856 μυστήριον
2862 3803 2989 3839 sen-

861 3894 983 3928 sum
1026 3880 1237 3928 tribuas
1278 3893 1441 3942 quem
1485 3883 1655 3929 Godet
1690 3880 1811 3943 ipse
1850 3881 2044 3930 tribuit
2076 3872 2090 3929 :⁸
2122 3897 2146 3926 «
2187 3894 2249 3929 ce
2281 3884 2394 3929 mot
2425 3894 2483 3928 se
2524 3884 2812 3943 rapporte,
2860 3880 2990 3927 chez

861 3969 1007 4018 saint
1032 3969 1185 4027 Paul,
1217 3968 1248 4016 ὲ
1277 3983 1354 4017 un
1382 3970 1511 4032 plan
1534 3961 1699 4018 cache
1728 3984 1799 4018 en
1829 3971 1972 4019 Dieu
1998 3975 2052 4018 et
2083 3984 2190 4032 que
2210 3970 2286 4017 lui
2311 3971 2430 4018 seul
2461 3969 2679 4019 devoile
2704 3985 2728 4016 »
2756 3961 2830 4031 (pL
2866 3966 2990 4030 123),

863 4063 917 4108 et
958 4072 968 4105 :
1024 4074 1047 4104 «
1087 4059 1217 4106 chez
1266 4058 1403 4106 Paul
1443 4058 1481 4106 il
1513 4059 1736 4122 signifie
1777 4060 2125 4122 simplement
2165 4053 2275 4108 une
2310 4059 2486 4109 verite
2526 4074 2600 4108 ou
2638 4072 2716 4107 un
2749 4059 2853 4107 fait.
2886 4069 2993 4120 que

860 4148 1248 4210 l'intelligence
1277 4149 1535 4197 humaine
1562 4162 1630 4197 ne
1662 4154 1796 4212 peut
1825 4148 2120 4199 decouvrir
2148 4163 2246 4211 par
2278 4148 2598 4209 elle-meme,
2629 4148 2765 4197 mais
2797 4146 2993 4209 qu’elle
3059 4143 3064 4148 ’

862 4238 1019 4287 saisit
1045 4236 1141 4286 des
1173 4252 1279 4299 que
1309 4238 1454 4287 Dieu
1484 4253 1552 4287 en
1578 4239 1762 4287 donne
1788 4240 1840 4286 la
1868 4238 2173 4288 revelation
2195 4254 2219 4285 »
2243 4237 2314 4301 (p.
2341 4238 2463 4301 1‘25).
2496 4239 2577 4286 De
2606 4238 2791 4287 verbis
2813 4252 2996 4298 καταγ·

861 4330 994 4391 γέλλ.
1028 4329 1087 4377 τὸ
1116 4330 1322 4394 μυστήρ.
1366 4329 1434 4377 cf.
1483 4329 1716 4391 Ephes.,
1749 4328 1858 4390 VI,
1898 4328 1968 4377 19.
2019 4329 2087 4377 Ni
2126 4328 2313 4385 fallor',
2355 4326 2760 4376 restituendum
2794 4326 2851 4373 in
2881 4338 2932 4374 v.
2970 4324 2988 4372 1

864 4419 1147 4486 μυστήριον.
1182 4417 1403 4467 Variam
1439 4422 1621 4469 autem
1652 4418 1946 4466 lectionem
1992 4432 2156 4479 quam
2187 4418 2498 4479 spernimus
2539 4417 2902 4484 explicamuS,
2932 4416 2993 4464 ut
