3559 5609
1592 850 1667 901 XI
1687 889 1700 912 ,
1740 851 1906 903 16-34.
2735 857 2824 907 115

591 1002 601 1026 .
692 962 847 1027 solis
889 964 1247 1042 destinari,
1294 966 1696 1045 respondebo
1736 968 2008 1031 omnino
2039 967 2184 1051 fleri
2239 986 2368 1032 non
2402 986 2581 1050 posse
2613 978 2683 1033 ut
2710 972 2823 1034 de-

693 1079 1056 1134 monstrent
1085 1070 1250 1135 illud
1296 1073 1607 1136 divitibus
1640 1073 1794 1136 solis
1834 1074 2232 1137 destinatum
2275 1077 2496 1140 fuisse.
2528 1076 2697 1140 Satis
2727 1080 2826 1141 ‘est

692 1185 906 1240 autem
938 1179 1101 1242 illud
1135 1197 1267 1242 non
1310 1181 1500 1243 unice
1528 1181 1831 1261 quidem,
1869 1181 1981 1244 sed
2023 1198 2283 1262 quoque
2332 1193 2543 1246 tamen
2583 1203 2825 1266 paupe-

653 1270 658 1273 *
691 1284 875 1347 ribus
908 1285 1251 1363 destinari,
1284 1295 1355 1348 ut
1383 1294 1496 1348 aut
1526 1286 1740 1350 ironia
1764 1295 1876 1349 aut
1902 1288 2239 1350 insulsitas
2266 1300 2661 1369 permaneat.

772 1391 911 1455 Sibi
962 1392 1245 1455 invicem
1294 1393 1636 1458 manifesto
1690 1396 2053 1477 προλαμὸάνει
2102 1395 2127 1477 (
2146 1416 2205 1457 v.
2261 1395 2378 1477 21)
2433 1404 2493 1459 et
2547 1397 2825 1480 ἐκδέχεσθε

688 1499 786 1578 (v.
808 1497 913 1579 33)
947 1500 1356 1579 respondent.
1412 1498 1565 1563 Una
1612 1502 1717 1564 via
1762 1499 1973 1564 solum
2010 1520 2112 1564 res
2157 1503 2486 1583 explanari
2530 1515 2823 1585 possunt.
2862 1490 2868 1497 ”

693 1610 780 1673 Ut
826 1609 899 1670 in
952 1607 1227 1688 publicis
1276 1608 1483 1688 epulis
1526 1626 1904 1688 graecorum
1950 1596 2374 1688 collegiorum
2411 1610 2695 1693 (Godet),
2735 1613 2826 1675 sic

688 1714 916 1778 inillis
939 1715 1158 1779 coenis
1175 1762 1190 1793 ,
1220 1716 1538 1778 societatis
1558 1734 1706 1779 arca
1726 1725 2056 1807 sumptum
2084 1716 2422 1798 epularum
2443 1718 2820 1798 praestabat.

689 1822 817 1887 Sed
872 1823 1068 1904 primi
1122 1822 1216 1907 (1)
1275 1841 1541 1905 propere
1601 1823 1693 1905 (2)
1751 1824 1831 1886 de
1894 1824 2040 1886 cibo
2099 1825 2422 1905 propriam
2485 1825 2825 1888 sumebant

688 1946 900 1992 escam
932 1927 1053 2011 (3),
1095 1928 1306 1991 ultimi
1339 1940 1557 1993 autem
1590 1930 1765 1992 nihil
1793 1930 1934 2012 (aut
1967 1931 2099 2010 fere
2131 1930 2332 2014 nihil)
2361 1932 2767 2012 reperiebant
2803 1951 2818 1994 :
2920 1920 2939 1935 ”

687 2038 755 2100 id
791 2037 960 2101 valet
987 2035 1107 2105 τοὺς
1136 2035 1217 2118 μὴ
1264 2038 1481 2120 ἔχοντας
1509 2039 1599 2120 (v.
1645 2038 1773 2120 22).
1808 2039 1943 2101 Alii
1974 2039 2403 2118 satiabantur,
2445 2039 2558 2102 alii
2606 2048 2822 2102 autem

689 2145 1079 2209 esuriebant.
1131 2144 1224 2212 Ut
1272 2144 1574 2213 vitiosam
1627 2145 1819 2206 istam
1878 2147 2419 2209 consuetudinem
2481 2147 2817 2225 emendet,

687 2252 846 2333 quid
880 2252 1012 2331 agit
1057 2251 1345 2315 Paulus?
1389 2253 1561 2314 Dicit
1589 2258 1842 2314 tantum
1875 2272 1891 2315 z
1928 2270 2088 2315 num
2120 2253 2399 2316 esurite?
2426 2253 2603 2316 domi
2632 2272 2820 2317 man-

686 2360 914 2424 ducate
927 2382 947 2438 3
983 2360 1251 2438 deinde,
1298 2378 1447 2424 cum
1480 2360 1842 2424 convenitis
1880 2361 1962 2423 ad
2005 2379 2137 2424 una
2179 2362 2619 2441 coenandum,
2656 2369 2821 2426 'vos-

688 2561 741 2597 v.
773 2545 834 2596 22
864 2546 933 2596 ad
964 2559 1164 2597 omnes
1208 2544 1556 2610 Corinthios,
1589 2548 2008 2598 commenticios
2055 2562 2328 2611 pauperes
2359 2562 2535 2611 aeque
2574 2563 2638 2597 30
2668 2562 2819 2598 00111-

687 2637 980 2687 menticios
1027 2637 1227 2686 divites
1268 2642 1496 2700 spectat.
1529 2664 1592 2674 —
1632 2638 1692 2687 Si
1733 2638 1941 2688 Paulus
1972 2651 2164 2687 omnes
2207 2638 2526 2701 compellat,
2561 2638 2682 2687 sine
2711 2638 2824 2686 ulla

689 2728 1036 2790 exceptione,
1087 2740 1254 2776 causa
1305 2727 1364 2774 in
1412 2733 1672 2792 promptu
1718 2733 1803 2777 est
1849 2742 1860 2776 :
1913 2741 2026 2777 non
2073 2728 2242 2776 iidem
2284 2726 2559 2778 Corinthii
2591 2708 2822 2789 'semper

687 2818 850 2881 primi
881 2822 977 2865 aut
1005 2817 1185 2866 ultimi
1216 2816 1614 2880 adventabant,
1648 2818 1746 2866 sed
1779 2817 1929 2866 idem
1959 2818 2124 2866 modo
2155 2818 2366 2880 primus
2396 2817 2562 2867 modo
2593 2818 2820 2866 ultimus

686 2907 984 2957 accedebat
1018 2921 1029 2955 :
1061 2906 1210 2956 unde
1240 2908 1448 2964 ἕκαστος
1475 2923 1527 2957 v.
1560 2906 1615 2956 21
1651 2920 1874 2969 quoque
1903 2907 2247 2977 intelligitur.
2674 2902 2679 2909 ”

749 2995 814 3061 (1)
846 2996 974 3047 Νο11
1001 2996 1250 3045 indicant
1280 2999 1451 3046 verba
1479 2998 1529 3046 ἐν
1560 3002 1632 3060 τῷ
1661 3000 1832 3059 φαγεῖν
1864 3015 1889 3040 «
1925 2997 1976 3044 le
2017 2999 2260 3044 moment
2297 2995 2371 3044 011
2400 2995 2451 3044 10
2481 3008 2643 3058 repas
2670 3008 2821 3044 com-

688 3101 897 3137 mence.
932 3103 956 3134 »
990 3086 1130 3137 Ν3111
1156 3087 1265 3136 tale
1295 3086 1561 3149 temporis
1592 3090 1861 3148 punctum
1890 3098 2003 3134 non
2036 3089 2178 3144 erat,
2210 3084 2267 3133 id
2295 3070 2379 3133 est
2409 3098 2523 3135 non
2551 3088 2668 3134 erat
2702 3098 2823 3133 mo-

689 3181 937 3226 mentum
966 3176 1194 3225 unicum
1225 3188 1335 3237 quo
1367 3188 1559 3223 omnes
1593 3174 1862 3223 convivae
1892 3187 2005 3221 11113
2034 3174 2328 3236 prandium
2357 3172 2696 3237 inciperent,
2725 3173 2821 3222 sed

690 3271 745 3315 et
775 3265 1145 3316 adveniebant
1173 3269 1227 3313 et
1256 3263 1596 3326 incipiebant
1625 3262 1872 3312 vicissim
1899 3263 1990 3325 (cf.
2020 3263 2296 3326 ἐκδέχεσθε)
2321 3265 2375 3310 et
2399 3262 2732 3312 inordinate.

751 3355 821 3419 (2)
850 3355 943 3405 Sic
974 3359 1145 3404 (ἱοάεί
1172 3354 1514 3418 προλαμβάνει
1543 3353 1940 3420 interpretatur
1964 3365 1975 3400 :
2002 3368 2026 3398 «
2048 3351 2204 3400 Vous
2225 3365 2367 3402 vous
2392 3352 2550 3402 hatez
2574 3352 2642 3401 de
2668 3365 2825 3414 pren-

692 3444 789 3494 dre
817 3447 897 3494 les
924 3445 1176 3493 aliments
1207 3458 1313 3506 que
1344 3457 1486 3493 vous
1511 3455 1643 3492 avez
1670 3442 1948 3504 apportes,
1982 3445 2154 3491 avant
2184 3441 2345 3504 qu'ils
2371 3442 2521 3491 aient
2549 3456 2626 3505 pu
2655 3442 2824 3492 deve-

689 3537 779 3584 nir
805 3535 992 3599 l’objet
1017 3534 1181 3583 d'une
1215 3533 1575 3583 distribution
1600 3531 1856 3595 generale
1887 3536 1941 3580 et
1966 3545 2094 3580 sans
2126 3545 2195 3580 en
2220 3532 2357 3591 faire
2382 3537 2504 3595 part
2530 3532 2561 3579 3
2590 3545 2690 3581 vos
2713 3532 2826 3581 voi-

694 3627 828 3677 sins.
858 3641 883 3671 »
926 3625 1008 3673 Ne
1036 3625 1094 3673 in
1135 3627 1349 3673 textum
1381 3623 1647 3686 importes
1687 3634 1829 3683 quae
1864 3634 1978 3670 non
2018 3621 2326 3681 contineat,
2364 3621 2423 3668 in
2456 3620 2638 3668 10011111
2673 3620 2826 3669 verb.

686 3732 711 3765 «
754 3730 860 3780 que
889 3730 1031 3768 vous
1062 3729 1194 3765 avez
1225 3712 1485 3777 apportes
1515 3731 1541 3758 »
1571 3724 1735 3774 pone,
1768 3724 1995 3774 quaeso,
2027 3713 2242 3760 verba«
2270 3711 2365 3773 qui
2396 3715 2523 3759 sont
2553 3724 2648 3759 sur
2673 3709 2727 3758 la
2757 3714 2831 3759 ta·

699 3807 802 3855 ble.
836 3821 861 3852 »

758 3895 826 3958 (3)
854 3894 1099 3944 Verbum
1117 3894 1241 3942 ἴδιον
1263 3892 1415 3941 1111Πο
1442 3894 1604 3954 pacto
1631 3890 2023 3938 commemorat
2050 3902 2074 3933 «
2100 3887 2151 3934 le
2178 3885 2325 3935 droit
2353 3899 2421 3933 en
2449 3890 2610 3935 vertu
2626 3885 2832 3948 duquel

696 3986 748 4033 le
791 3982 1158 4048 proprietaire
1199 3974 1340 4030 croit
1382 3980 1621 4043 pouvoir
1651 3978 1769 4041 agir
1800 3977 1868 4025 de
1904 3977 1958 4024 la
1996 3980 2163 4025 sorte.
2207 3991 2230 4023 »
2277 3974 2486 4037 (Godet)
2527 3974 2600 4023 At
2642 3979 2835 4025 contra

698 4087 895 4124 sensus
929 4073 1055 4121 talis
1092 4075 1176 4120 est
1217 4084 1227 4118 :
1274 4070 1320 4120 1⁰
1360 4070 1523 4133 primi
1563 4068 1923 4118 advenientes
1963 4066 2258 4114 maximam
2298 4065 2585 4126 epularum
2628 4068 2838 4125 partem
2890 4073 2895 4077 ·

697 4166 1016 4223 sumebant,
1047 4165 1111 4210 ut
1150 4174 1352 4223 corpus
1396 4160 1520 4210 cibo
1559 4158 1668 4222 ipsi
1702 4157 1868 4220 (ἴδιον)
1908 4159 2199 4214 curarent;
2242 4153 2293 4202 2⁰
2334 4152 2651 4203 convivium
2694 4153 2832 4203 illud

687 4255 801 4317 jam
832 4266 947 4302 non
981 4251 1277 4319 κυριακὸν
1307 4252 1502 4300 δεῖπνον
1534 4249 1633 4298 sed
1660 4249 1824 4298 ἴδιον
1859 4247 2056 4297 δεῖπνον
2092 4248 2237 4294 erat.
2278 4241 2516 4292 Videtur
2557 4234 2691 4291 mihi
2723 4257 2839 4292 ma—

685 4343 894 4391 nifesta
927 4356 990 4390 ac
1021 4341 1276 4393 consulta
1306 4341 1451 4388 inter
1481 4340 1617 4388 haec
1647 4339 1819 4388 verba
1853 4341 2108 4386 constare
2140 4317 2421 4395 oppositio
2464 4329 2555 4394 (cf.
2585 4332 2642 4381 τὸ
2680 4333 2840 4397 ἑαυτῷ

690 4448 749 4484 v.
784 4432 881 4495 29).
