3559 5609
914 817 1002 868 142
1814 818 1933 879 XV,
1964 818 2135 870 2941.

1778 1016 1924 1088 XV,
1965 1014 2176 1079 29-31.

905 1290 910 1294 .
987 1204 1195 1284 Supra
1230 1203 1493 1282 triginta
1532 1210 1684 1265 sunt
1717 1202 2177 1285 explicationes
2211 1227 2239 1260 α
2277 1204 2677 1284 baptismatis
2707 1221 2821 1285 pro
2855 1221 3032 1266 mor-

906 1313 1060 1374 tuis.
1113 1335 1141 1368 n
1185 1311 1357 1373 Fieri
1406 1327 1536 1372 non
1573 1320 1777 1392 potest
1821 1310 1959 1389 (hoc
2009 1308 2200 1373 Godet
2228 1309 2552 1390 praeclare
2599 1310 2930 1393 ostendit),
2970 1319 3038 1374 ut

906 1419 1148 1481 Paulus
1177 1419 1508 1500 posteriori
1543 1418 1737 1499 hujus
1767 1418 2170 1497 baptismatis
2204 1420 2347 1481 usui
2384 1437 2683 1482 assensus
2720 1419 2824 1481 sit.
2860 1419 3036 1481 Fieri

903 1545 1159 1608 quoque
1195 1544 1323 1589 non
1355 1533 1558 1607 potest
1590 1536 1658 1588 ut
1689 1529 1756 1589 iu
1782 1526 2020 1589 intimo
2050 1527 2241 1589 corde
2268 1545 2417 1589 eum
2443 1527 2927 1608 vituperaverit,
2960 1547 3035 1590 ac

904 1632 1343 1696 nihilominus
1362 1634 1442 1696 de
1461 1650 1536 1697 eo
1556 1642 2017 1712 argumentum
2035 1634 2313 1710 duxerit,
2335 1636 2521 1714 quasi
2541 1652 2690 1698 eum
2712 1635 3030 1715 probaret,

903 1758 979 1803 ea
1011 1741 1277 1804 demum
1302 1749 1521 1804 mente
1547 1749 1618 1803 ut
1643 1742 2077 1822 repugnantia
2105 1741 2320 1804 dicere
2350 1741 2635 1821 legentes
2658 1753 2931 1821 cogeret.

981 1848 1297 1926 Egregius
1350 1849 1670 1928 interpres
1724 1847 1958 1910 multas
2002 1848 2195 1910 duras
2251 1848 2704 1929 explicationes
2753 1849 3028 1927 resellit3

902 1953 1012 2016 sed
1035 1955 1174 2035 ejus
1198 1954 1667 2035 interpretati0‚
1695 1956 1996 2035 quamvis
2023 1955 2396 2017 acutissima
2424 1955 2534 2032 sit,
2565 1974 2793 2018 ansam
2823 1974 3034 2036 repre-

899 2059 1237 2123 hensionis
1262 2069 1474 2122 tamen
1505 2061 1718 2123 hahet.
1754 2060 1921 2124 Cum
1951 2071 2038 2124 tot
2068 2064 2307 2124 summi
2328 2070 2866 2126 commentatores
2893 2080 3031 2126 sese

899 2168 1184 2248 invicem
1214 2169 1548 2230 confutare
1596 2176 1844 2230 tantum
1889 2169 2247 2248 potuerint,
2286 2177 2534 2231 servato
2576 2169 2649 2232 Τ.
2684 2170 2803 2251 R„
2828 2167 3033 2249 liquet

899 2275 973 2336 T.
1002 2274 1081 2337 R.
1115 2274 1399 2358 intelligi
1420 2275 1603 2338 nullo
1628 2276 1818 2340 modo
1845 2293 2028 2357 posse
2052 2285 2115 2338 et
2136 2285 2512 2357 corruptum
2541 2293 2701 2339 esse.
2728 2276 3031 2356 Suspicor

898 2380 1180 2445 Paulum
1209 2383 1462 2445 dedisse
1497 2404 1511 2445 ε

977 2491 1090 2551 ἐπεὶ
1117 2491 1170 2551 τί
1195 2492 1499 2565 ποιήσουσιν
1537 2495 1585 2552 οἱ
1623 2490 1991 2573 βαπτιζόμενοι
2034 2489 2162 2575 ὑπὲρ
2193 2499 2271 2561 <
2297 2493 2525 2574 Χριστοῦ
2551 2500 2631 2561 >
2659 2497 2769 2552 τοῦ
2806 2495 3025 2573 νεκροῦ,

895 2601 943 2659 εἶ
968 2598 1106 2667 ὅλως
1132 2600 1303 2682 νεκροὶ
1345 2600 1443 2660 οὐκ
1487 2599 1814 2681 ἐγείρονταις
1845 2599 1897 2658 τί
1929 2599 2020 2659 καὶ
2063 2599 2400 2680 βαπτίζονται
2438 2596 2565 2682 ὑπὲρ
2603 2598 2805 2674 αὐτοῧ;
2850 2595 2903 2657 τί
2938 2596 3026 2657 καὶ

891 2712 1048 2786 ἡμεῖς
1074 2704 1431 2786 κινδυνεύομεν
1457 2717 1633 2766 πᾶσαν
1662 2705 1804 2789 ὥραν
1828 2732 1846 2783 ;
1878 2714 1960 2778 <
1984 2706 2036 2767 τί
2067 2707 2158 2767 καὶ
2200 2721 2262 2776 >
2290 2708 2408 2767 καθ’
2437 2706 2638 2789 ἡμέραν
2667 2705 2981 2779 ἀποθνήσκω
3002 2724 3021 2779 ;

890 2812 958 2893 νὴ
1010 2812 1105 2887 τὴν
1150 2813 1408 2897 ἡμετέραν
1442 2846 1524 2860 —
1553 2819 1630 2897 τῷ
1675 2813 1836 2898 κυρίῳ
1880 2820 2032 2894 ἡμῶν
2049 2863 2063 2890 ,
2117 2819 2162 2875 εἶ
2203 2811 2342 2876 κατὰ
2385 2804 2651 2897 ἄνθρωπον
2687 2848 2765 2859 -
2798 2813 3021 2896 ὄφελος;

896 2920 1066 2982 Mihi
1098 2921 1352 2983 videtur
1382 2922 1726 3002 propositio
1766 2924 1814 2982 εἰ
1851 2921 1990 2989 ὅλως
2024 2921 2193 3005 νεκροὶ
2229 2922 2326 2982 οὐκ
2361 2920 2645 3003 ἐγείρονται
2675 2919 2766 3002 (V.
2818 2920 2913 2997 29)
2946 2919 3025 2981 ad

892 3027 1159 3091 initium
1212 3048 1270 3090 v.
1324 3028 1398 3089 29
1444 3028 1811 3105 referenda,
1864 3028 2391 3109 quandoquidem
2440 3029 2597 3090 adeo
2641 3027 2706 3088 h.
2759 3046 2819 3091 v,
2865 3027 2940 3089 29
2986 3046 3023 3089 a

891 3154 1059 3198 vers.
1103 3136 1278 3198 12-19
1317 3136 1528 3197 distet.
1565 3171 1643 3182 —
1687 3136 1757 3199 Si
1808 3138 2078 3198 omnino
2119 3135 2313 3218 (ὅλως)
2356 3136 2599 3198 mortui
2636 3151 2771 3197 non
2808 3152 3024 3197 resur-

821 3230 828 3239 ’
890 3252 1075 3321 gunt,
1100 3242 1362 3306 Chistus
1385 3261 1516 3306 non
1540 3244 1917 3317 resurrexit,
1941 3252 2236 3305 mortuus
2257 3261 2522 3324 prorsus
2539 3250 2635 3306 est
2653 3249 3018 3323 manetque.
3112 3226 3121 3239 ’

890 3348 1064 3423 Quid
1093 3349 1449 3411 christiano
1473 3349 1756 3430 proderit
1784 3367 1899 3429 pro
1920 3349 2012 3431 (1)
2031 3358 2309 3427 mortuo,
2334 3368 2525 3430 super
2560 3352 2687 3429 (aut
2713 3348 2818 3430 de)
2851 3367 3019 3412 mor-

890 3464 1001 3519 tuo
1029 3456 1420 3537 baptizatum
1450 3455 1651 3519 fuisse
1671 3457 1700 3517 ?
1733 3456 1970 3520 Nonne
2001 3457 2279 3519 absurdo
2310 3456 2657 3519 absurdius
2702 3455 2843 3519 est?
2872 3455 3020 3520 Uti-

887 3563 1037 3626 litas
1071 3563 1254 3626 nulla
1289 3565 1369 3626 ab
1413 3581 1487 3626 eo
1526 3564 1773 3645 percipi
1804 3573 2026 3646 potest.
2063 3598 2145 3613 —·
2177 3565 2315 3627 Hoc
2361 3581 2515 3645 pace
2551 3563 2740 3627 Godet
2777 3564 3019 3641 dicam,
3094 3620 3097 3623 .

887 3680 1137 3733 constat
1183 3680 1432 3734 arctum
1478 3669 1817 3734 vinculum
1865 3672 2033 3734 inter
2085 3658 2391 3754 baptismi
2441 3678 2914 3734 sacramentum
2948 3688 3021 3733 ac

886 3795 1225 3860 corporum
1270 3780 1735 3859 baptizatorum
1771 3780 2313 3844 resurrectionem
2349 3797 2363 3841 :
2401 3797 2781 3859 persuasum
2826 3778 3020 3840 hahet

887 3886 1131 3950 Paulus
1162 3887 1702 3950 resurrectionem
1730 3920 1811 3933 —
1842 3885 1967 3949 aut'
1990 3887 2218 3949 saltem
2248 3887 2598 3966 gloriosam
2637 3887 2716 3948 ad
2747 3886 3016 3948 beatitu-

885 3994 1111 4058 diuem
1158 3997 1695 4058 resurrectionem
1722 3994 1964 4057 —illis
2013 4002 2263 4057 tantum
2305 3995 2447 4058 dari
2493 3996 2606 4076 qui
2643 3995 2715 4057 in
2759 3993 3017 4057 Christo

946 4208 1013 4273 (1)
1042 4208 1273 4259 Vertere
1304 4222 1524 4272 quoque
1553 4209 1682 4259 licet
1714 4222 1726 4257 ε
1761 4209 1821 4257 in
1850 4209 2072 4260 nomine
2101 4211 2325 4262 mortui.
2361 4209 2470 4269 Qui
2502 4223 2699 4260 sensus
2729 4208 2855 4259 voci
2891 4208 3015 4272 ὑπέρ

884 4300 1052 4350 tribui
1081 4303 1280 4365 potest.
1313 4323 1376 4337 -
1404 4297 1696 4360 Ceterum,
1730 4299 1800 4354 cf,
1827 4302 2041 4348 textum
2069 4300 2150 4349 sic
2188 4299 2508 4349 restitutum
2537 4313 2662 4349 cum
2692 4299 2746 4348 h.
2776 4299 2900 4347 loco
2930 4302 3015 4357 τῆς

881 4390 1088 4456 Διδαχῆς
1119 4402 1131 4439 :
1162 4388 1364 4454 λατρεία
1400 4389 1494 4454 γάρ
1520 4390 1627 4438 ἐστι
1657 4390 1826 4438 Θεῶν
1867 4393 2094 4452 νεκρῶν
2124 4387 2263 4452 (cap.
2295 4387 2406 4451 Vl).
