3559 5609
787 858 847 912 74
1684 860 1787 912 vn
1802 899 1816 924 ,
1856 861 2022 914 10-17.

786 984 981 1041 tatem
1033 978 1348 1057 majorem
1403 976 1678 1039 habeam
1738 978 2144 1059 salutemque
2197 979 2339 1058 ejus
2388 981 2628 1045 melius
2675 982 2922 1046 efficere

787 1084 1077 1165 possim?
1112 1108 1141 1139 n
1171 1118 1251 1133 —-
1279 1083 1354 1146 Si
1385 1083 1635 1147 Paulus
1668 1085 1862 1148 talem
1896 1085 2336 1149 insulsitatem
2367 1086 2459 1168 (1)
2488 1088 2676 1168 apud
2690 1088 2923 1153 Corin-

791 1192 964 1255 thios
993 1192 1207 1255 valere
1236 1192 1540 1271 opinatus
1570 1192 1826 1268 fuisset,
1859 1194 2073 1256 dicere
2105 1194 2415 1272 potuisset
2448 1218 2462 1256 ε
2495 1221 2520 1246 α
2554 1194 2732 1257 Num
2764 1195 2926 1259 forte

787 1299 1098 1361 maritum
1150 1304 1340 1362 tuum
1388 1298 1643 1360 salvum
1692 1299 1923 1376 facieS,
1977 1301 2032 1362 si
2083 1301 2163 1362 ab
2210 1300 2323 1363 illo
2372 1301 2695 1364 discedis?
2748 1327 2776 1358 n
2827 1304 2927 1365 1ta

788 1407 990 1487 hujus
1019 1407 1256 1485 agendi
1286 1406 1560 1469 rationis
1596 1406 2036 1470 illuminasset
2066 1424 2369 1471 errorem.
2406 1408 2533 1472 Sed
2567 1427 2695 1471 non
2731 1410 2927 1473 dixis-

787 1520 914 1587 set,
953 1512 1272 1576 absurdae
1318 1513 1676 1575 sententiae
1726 1514 2182 1580 refutationem
2232 1514 2680 1578 absurdiorem
2732 1517 2925 1579 etiam

785 1637 1115 1699 opponens
1147 1638 1162 1680 :
1203 1645 1228 1673 α
1267 1620 1461 1683 Unde
1509 1619 1637 1681 scis
1679 1620 1736 1681 si
1775 1620 1991 1681 virum
2035 1619 2291 1681 salvum
2324 1621 2533 1683 facere
2572 1623 2808 1699 poteris
2846 1621 2926 1685 ab

785 1742 861 1790 eo
902 1727 1342 1789 discedendo?
1379 1750 1409 1781 »
1447 1728 1521 1789 ln
1554 1744 1683 1806 qua
1728 1727 2237 1806 interrogatione
2283 1727 2468 1790 nulla
2500 1729 2752 1791 ironiae
2784 1747 2925 1808 spe-

784 1833 917 1897 cies
946 1812 1510 1918 deprehendenda⁷

868 1939 1017 2004 Una
1040 1948 1134 2004 est
1154 1940 1596 2020 interpretatio
1618 1959 1788 2021 quae
1813 1942 2015 2004 Paulo
2038 1959 2266 2004 sanam
2292 1943 2925 2020 argumentationem

783 2048 1067 2111 conferat
1128 2073 1141 2109 :
1197 2054 1584 2127 postquam,
1653 2054 1723 2110 ut
1779 2067 1976 2127 supra
2032 2049 2361 2125 diximus,
2417 2069 2476 2111 v,
2547 2051 2616 2112 15
2677 2050 2924 2127 Paulus

782 2154 1079 2234 scripsit,
1128 2155 1336 2234 pergit
1393 2179 1405 2216 :
1465 2155 1644 2217 Talis
1691 2161 1787 2217 est
1835 2156 2041 2235 igitur
2094 2164 2304 2219 vestra
2350 2160 2534 2231 κλῆσις
2586 2156 2677 2240 (Ξ)
2724 2183 2737 2219 2
2795 2159 2927 2220 vita

783 2262 1151 2343 conjugalis
1179 2263 1551 2326 communis
1586 2280 1660 2324 ac
1697 2263 2072 2343 tranquilla.
2112 2264 2379 2339 Quare?
2413 2288 2441 2319 <s
2480 2265 2711 2344 quia...
2753 2266 2927 2328 unde

782 2370 964 2433 scitis
1011 2370 1069 2433 si
1125 2377 1367 2434 vostros
1426 2372 1739 2449 coniuges
1798 2371 2008 2433 salvos
2067 2389 2198 2433 non
2251 2371 2551 2434 facietis?
2593 2395 2641 2428 ·»
2705 2371 2920 2445 Godet,

779 2477 1082 2557 quamvis
1133 2477 1315 2539 illam
1367 2479 1862 2541 translationem
1926 2479 2221 2558 rejiciat,
2276 2479 2511 2541 fatetur
2566 2485 2783 2541 tamen
2842 2478 2922 2540 ab

779 2582 1085 2647 Edwards
1115 2585 1520 2663 argumentis
1546 2586 1752 2647 fuisse
1784 2585 2262 2662 confirmatum,
2301 2604 2487 2666 posse
2518 2586 2612 2649 sic
2637 2605 2696 2646 v.
2734 2586 2919 2660 verti,

779 2707 854 2753 ac
907 2689 1180 2770 quidem
1237 2690 1549 2753 Edwards
1610 2691 2225 2755 demonstrationem
2289 2694 2586 2773 complet.
2653 2717 2681 2749 α
2741 2693 2923 2768 Quae

780 2813 931 2861 cum
960 2796 1052 2858 ita
1085 2796 1252 2875 sint,
1288 2796 1409 2860 hoc
1440 2798 1496 2859 si
1527 2797 1827 2872 nescitiS‚
1863 2799 2273 2878 persequitur
2309 2799 2593 2874 PauluS‚
2638 2799 2693 2861 si
2737 2798 2921 2861 vobis

779 2919 946 2983 quac
980 2903 1253 2967 facultas
1285 2904 1476 2966 datur
1512 2904 1711 2966 vitam
1745 2921 1897 2966 cum
1933 2906 2327 2984 conjugibus
2362 2906 2737 2969 viventibus
2767 2905 2917 2968 illos

779 3008 989 3073 salvos
1033 3010 1281 3086 facere,
1328 3011 1619 3075 officium
1675 3019 1960 3074 vestrum
2012 3019 2106 3074 est
2156 3030 2308 3075 curn
2358 3013 2493 3076 illis
2543 3030 2826 3075 manere.
2881 3037 2910 3067 »

780 3115 1406 3184 Subdistinctionem
1430 3119 1600 3181 inter
1624 3135 1811 3182 voces
1835 3113 1989 3199 εἷ’μή
2015 3125 2075 3181 et
2097 3121 2308 3204 ἑκάστῳ
2337 3139 2503 3200 pone
2533 3138 2607 3184 ac
2632 3120 2911 3183 subaudi

841 3358 908 3421 (1)
939 3358 1095 3418 Quae
1125 3358 1410 3408 insulsitas
1439 3359 1611 3408 noxia
1638 3372 1863 3422 quoque
1892 3360 2052 3413 foret.
2078 3361 2391 3424 Nunquam,
2421 3374 2490 3409 ne
2517 3363 2663 3410 bono
2688 3359 2909 3421 quidem

781 3446 964 3496 animo
997 3450 1091 3495 aut
1120 3446 1377 3495 utilitatis
1414 3461 1598 3510 causa,
1630 3448 1973 3510 permittitur
2000 3449 2318 3498 divortium.

843 3534 908 3599 (2)
928 3529 1057 3585 Hoc
1080 3534 1413 3585 vocabulum
1440 3540 1504 3585 ut
1533 3540 1704 3586 Godet
1728 3536 2066 3601 interpretor
2097 3539 2192 3602 qui
2223 3539 2429 3601 optime
2455 3538 2717 3598 ostendit,
2746 3552 2909 3601 argu-

779 3625 1118 3675 mentatione
1144 3629 1428 3688 peracuta,
1451 3626 1510 3674 in
1534 3639 1672 3675 voce
1699 3628 1871 3688 κλῆσις
1897 3641 2039 3691 quae
2065 3642 2366 3689 nunquam
2390 3644 2414 3674 «
2436 3629 2697 3678 vocation
2717 3631 2910 3677 terres-

780 3719 863 3764 tre
896 3714 1197 3777 (irdischer
1220 3713 1410 3777 Ber-uf)
1440 3731 1464 3762 »
1502 3715 1803 3778 significat,
1838 3753 1935 3768 .....
1969 3719 2265 3766 interdum
2292 3720 2475 3766 tamen
2504 3718 2658 3766 illurn
2688 3730 2911 3767 sensum

779 3804 963 3853 inesse
994 3817 1005 3853 ε
1035 3818 1062 3851 «
1091 3803 1170 3855 Le
1199 3808 1316 3853 mot
1342 3808 1510 3865 κλῆσις
1553 3817 1623 3854 ne
1659 3810 1793 3868 peut
1823 3805 2082 3868 designer
2109 3805 2260 3855 l’etat
2298 3809 2586 3864 terrestre,
2614 3808 2666 3872 la
2694 3807 2910 3869 profes·-

780 3895 933 3954 sion;
973 3894 1013 3943 il
1049 3893 1353 3957 s’applique
1383 3894 1483 3947 ici.
1528 3908 1740 3944 comme
1769 3895 2023 3953 ailleurs,
2066 3894 2098 3942 a
2134 3894 2332 3958 l’appel
2363 3910 2435 3944 au
2473 3897 2678 3949 salut...
2714 3896 2908 3947 Seule-

778 3987 929 4033 ment
956 3977 996 4032 il
1023 3984 1142 4033 taut
1171 3984 1308 4033 faire
1342 3989 1558 4033 rentrer
1582 3983 1719 4033 dans
1749 3983 1911 4033 l’idee
1943 3984 2012 4033 de
2037 3983 2234 4047 l'appel
2256 3989 2441 4035 toutes
2463 3987 2543 4036 los
2565 3987 2908 4036 circonstan-

778 4082 869 4119 ces
906 4069 1248 4120 exterieures
1285 4073 1378 4133 qui
1410 4085 1479 4120 en
1510 4076 1609 4121 ont
1638 4072 1824 4121 four-ni
1861 4071 2160 4122 l’occasion
2201 4077 2255 4122 et
2290 4072 2593 4123 determine
2634 4075 2685 4122 le
2725 4074 2903 4125 mode.

781 4155 975 4217 Quelle
1005 4159 1303 4208 difference
1335 4164 1490 4209 entre
1520 4161 1572 4209 le
1610 4160 1774 4209 mode
1806 4160 2019 4223 d’appel
2053 4161 2184 4210 d'un
2216 4163 2489 4212 circoncis
2517 4167 2571 4211 et
2601 4163 2745 4213 celui
2778 4163 2908 4212 d'un

779 4246 1139 4297 incirconcis!
1176 4247 1254 4297 Or
1282 4252 1425 4298 cette
1455 4249 1723 4298 situation
1753 4253 2040 4310 terrestre,
2072 4250 2289 4300 donnee
2319 4252 2387 4300 de
2420 4251 2591 4313 Dieu,
2624 4252 2662 4300 il
2692 4265 2763 4300 ne
2793 4253 2910 4301 faut

779 4351 877 4399 pas
906 4351 976 4387 en
1000 4339 1167 4387 sortir
1195 4339 1263 4387 de
1289 4353 1393 4389 son
1422 4340 1562 4389 chef.
1599 4339 1676 4391 Ge
1708 4340 1804 4402 qui
1834 4356 1866 4389 a
1895 4339 1981 4390 ete
2019 4355 2159 4403 pour
2192 4343 2271 4392 toi
2301 4343 2352 4391 le
2381 4356 2585 4406 moyen
2616 4342 2684 4392 de
2710 4343 2906 4405 l’appel

777 4439 846 4475 ne
872 4438 1172 4489 manquera
1193 4440 1291 4489 pas
1324 4427 1392 4476 de
1422 4429 1599 4480 servir
1630 4429 1661 4477 a
1691 4443 1919 4481 exercer
1948 4436 2004 4481 ta
2031 4430 2238 4482 fidelite
2271 4448 2295 4479 »
2327 4431 2398 4494 (p.
2428 4431 2552 4495 326).
