3559 5609
1556 858 1608 919 1,
1648 853 1846 916 17-111,
1884 855 1930 906 9.
2745 861 2798 913 11

674 973 1005 1053 inceptum
1023 975 1210 1055 cujus
1234 972 1454 1037 nullus
1485 975 1691 1038 exitus
1714 976 1838 1037 erit
1859 973 2126 1050 indicat,
2154 991 2339 1053 saepe
2364 975 2627 1056 quidem
2652 994 2800 1041 con-

672 1080 751 1142 ad
785 1081 1083 1144 effectum
1112 1082 1383 1145 adducta
1415 1081 1522 1163 (1).

1512 1298 1579 1375 1,
1622 1296 1858 1373 17-111‚
1896 1296 1954 1357 9.

749 1510 1076 1573 Adversus
1101 1511 1697 1591 interpretationem
1724 1528 1920 1590 quam
1949 1510 2241 1590 plerique
2267 1521 2798 1576 commentatores

666 1618 745 1680 de
770 1619 861 1693 ΙΙ,
886 1620 919 1678 6
948 1637 1041 1698 sq.
1070 1628 1433 1700 proponunt
1465 1618 1670 1681 multa
1698 1618 1828 1680 dici
1863 1627 2147 1698 possunt.
2173 1620 2291 1681 Vix
2325 1620 2796 1684 admittendum

593 1763 600 1769 -
665 1727 1136 1791 institutionem
1166 1731 1234 1791 in
1269 1730 1372 1791 his
1404 1746 1464 1790 v,
1499 1730 1888 1809 descriptam
1919 1729 2115 1790 aliam
2147 1730 2628 1793 institutionem
2659 1749 2798 1795 esse

664 1842 856 1914 atque
885 1834 1064 1898 illam
1095 1836 1172 1898 de
1202 1855 1330 1916 qua
1361 1839 1496 1915 jam
1527 1853 1738 1898 sermo
1766 1834 1889 1917 fuit
1921 1836 1998 1916 (Ι,
2042 1833 2238 1912 17-11‘,
2275 1836 2358 1918 5).

750 1941 939 2005 Godet
980 1951 1267 2021 auctore,
1330 1969 1357 1999 <a
1419 1944 1582 2006 Paul
1626 1959 1922 2005 annonce
1970 1961 2100 2004 une
2155 1961 2407 2021 sagesse
2453 1946 2658 2024 parmi
2702 1944 2796 2006 les

663 2049 947 2131 parfaits.
978 2074 1006 2106 n
1041 2052 1127 2112 At
1154 2070 1321 2131 quae
1352 2050 1707 2131 sapientia?
1728 2051 1903 2111 Num
1938 2050 2266 2112 humana?
2291 2052 2586 2114 Minime.
2620 2054 2793 2114 Num

661 2156 929 2218 divina?
961 2159 1058 2219 lta
1099 2165 1222 2233 est,
1262 2159 1372 2220 sed
1416 2158 1496 2220 de
1539 2156 1655 2219 illa
1699 2157 1926 2218 divina
1970 2157 2285 2236 sapientia
2333 2158 2616 2220 maxime
2658 2160 2794 2236 jam

662 2282 873 2328 sermo
901 2264 1044 2329 fuit.
1079 2265 1289 2340 Quam
1319 2284 1356 2326 a
1387 2264 1592 2328 Paulo
1625 2265 1928 2327 traditam
1963 2265 2349 2344 sapientiam
2380 2283 2602 2327 versus
2634 2266 2724 2341 II,
2757 2267 2791 2326 6

661 2371 1001 2450 designat?
1046 2373 1183 2434 Hoc
1229 2378 1523 2434 accurate
1570 2372 1814 2434 indicat
1858 2371 2098 2432 Paulus
2136 2371 2266 2452 (ΙΙ,
2305 2369 2398 2452 7),
2440 2371 2596 2456 σοφία
2648 2374 2793 2433 Θεοῦ

661 2486 773 2541 est.
809 2478 980 2554 Quid
1013 2487 1107 2540 est
1134 2487 1350 2540 autem
1382 2477 1539 2562 σοφία
1569 2480 1758 2540 Θεοῦῖ
1791 2480 1941 2540 Jam
1973 2478 2138 2539 dixit
2167 2478 2408 2540 Paulus
2438 2480 2520 2562 (Ι,
2556 2480 2653 2555 24,
2689 2479 2787 2554 25,

659 2584 761 2666 30)
788 2603 802 2648 :
829 2585 994 2647 nihil
1025 2585 1202 2648 aliud
1234 2594 1329 2647 est
1357 2602 1552 2665 quam
1584 2585 1886 2648 Christus
1917 2585 2261 2647 crucifixus
2292 2622 2356 2630 -
2393 2586 2461 2647 id
2493 2594 2587 2647 est
2616 2585 2790 2647 idem

657 2694 828 2772 quod
873 2693 1235 2756 Corinthiis
1279 2692 1673 2773 praedicavit
1719 2693 1848 2773 (ΙΙ,
1902 2695 1935 2752 2
1966 2714 1979 2766 3
2016 2693 2149 2768 111,
2196 2692 2411 2774 10-11)
2449 2692 2564 2774 (2).
2617 2692 2789 2755 Fieri

656 2817 790 2862 non
824 2808 1028 2880 potest
1062 2809 1132 2863 ut
1164 2802 1358 2863 verba
1392 2800 1548 2885 σοφία
1578 2802 1719 2861 Θεοῦ
1749 2800 1820 2860 in
1853 2818 1912 2861 v.
1949 2801 1983 2859 7
2015 2798 2221 2860 alium
2257 2800 2604 2879 praebeant
2636 2817 2788 2860 sen-

656 2924 798 2968 sum
822 2915 1071 2987 praeter
1097 2908 1286 2970 illum
1308 2925 1502 2987 quem
1527 2906 1844 2967 hactenus
1870 2906 2263 2967 hahuerunt.
2288 2907 2586 2985 Namque
2608 2923 2785 2985 pror-

656 3031 764 3076 sus
795 3013 968 3074 nihil
997 3015 1066 3075 in
1096 3021 1268 3077 textu
1301 3015 1540 3076 mutari
1572 3031 1793 3076 eorum
1828 3014 1962 3074 vim
1993 3012 2292 3088 ostendit,
2315 3012 2535 3075 omnia
2565 3021 2789 3075 contra

655 3119 923 3198 probant
968 3120 1048 3182 de
1095 3121 1319 3183 eadem
1377 3121 1502 3183 Dei
1545 3120 1861 3199 sapientia
1912 3120 2036 3196 agi.
2084 3119 2497 3192 ,Praedicatio
2535 3136 2785 3198 semper

653 3243 813 3300 una,
849 3244 1100 3307 semper
1129 3227 1353 3290 eadem
1389 3226 1537 3289 aliis
1575 3235 1669 3288 est
1703 3227 2045 3305 sapientia,
2080 3227 2223 3287 aliis
2259 3225 2530 3288 stultitia
2560 3226 2684 3308 (Cf.
2720 3228 2779 3303 Ι,

652 3332 833 3395 21-23
859 3340 921 3396 et
949 3334 1040 3411 ΙΙ,
1078 3333 1307 3415 14-15),
1335 3352 1408 3397 ac
1438 3334 1885 3397 animadverte
1914 3333 2183 3395 omnino
2213 3351 2395 3413 pares
2426 3352 2564 3396 esse
2595 3342 2785 3415 atque

652 3456 814 3501 unas
854 3440 999 3501 illas
1047 3441 1482 3503 institutiones
1528 3459 1688 3521 quas
1734 3441 2103 3504 discernere
2138 3440 2365 3503 volunt
2392 3440 2473 3520 (Ι,
2511 3440 2689 3504 23-24
2724 3449 2785 3504 et

650 3546 737 3620 11,
765 3547 865 3606 6-7
886 3569 900 3623 ;
925 3581 1001 3594 -
1022 3548 1117 3629 11,
1138 3548 1174 3608 4
1195 3556 1256 3609 et
1280 3549 1369 3620 11,
1402 3546 1523 3628 13).
1547 3527 1710 3610 cum
1738 3546 1888 3608 illas
1912 3547 2072 3608 duas
2102 3547 2455 3623 distinctas,
2477 3556 2547 3609 ut
2575 3549 2779 3624 aiunt,

651 3652 1091 3715 institutiones
1163 3654 1455 3716 conferre
1517 3653 1887 3731 aggrederis
1912 3701 1929 3730 ‚
1991 3652 2489 3716 similitudinem
2552 3656 2740 3719 modo
2761 3701 2779 3731 ‚

650 3782 973 3843 nusquam
1003 3773 1220 3827 autem
1249 3765 1745 3845 discrepantiam
1776 3764 2235 3844 deprehendis,

731 3870 802 3931 Si
832 3891 891 3932 v.
933 3872 1020 3946 ΙΙ,
1060 3873 1093 3932 6
1127 3889 1290 3951 seq„
1327 3889 1474 3933 cum
1507 3871 1656 3932 aliis
1689 3870 1882 3934 Pauli
1916 3871 2460 3935 declarationibus
2493 3874 2782 3937 conferre

647 3977 830 4051 veliS,
857 3979 1099 4056 confer,
1121 3979 1544 4060 παραδείγματος
1576 3979 1749 4057 ἕνεκα,
1781 3979 1977 4041 verba
2000 3998 2059 4039 v.
2097 3978 2129 4037 7
2163 3997 2311 4043 cum
2345 3981 2559 4055 Rom„
2594 3982 2774 4057 XVI,

707 4244 773 4308 (1)
808 4244 1046 4297 Gramm.
1078 4258 1190 4296 von
1226 4245 1443 4298 Winer.

709 4334 776 4397 (2)
801 4335 1023 4385 Annota
1046 4338 1217 4386 verba
1236 4352 1288 4387 v.
1317 4336 1374 4387 10
1404 4352 1414 4386 :
1447 4353 1471 4383 «
1502 4341 1567 4395 ὡς
1592 4340 1775 4401 σοφὸς
1810 4339 2130 4404 ἀρχιτέκτων.
2161 4356 2184 4385 »
2213 4339 2358 4403 Ergo
2394 4340 2600 4390 Paulus
2627 4343 2779 4392 velut

648 4427 877 4487 sapiens
902 4426 1310 4475 institutionem
1340 4426 1492 4475 dedit
1527 4428 1616 4475 cui
1644 4430 1958 4490 sapientiae
1989 4441 2191 4477 nomen
2220 4431 2542 4478 recusatur!
