3559 5609
819 827 910 883 108
1691 796 1700 813 ’
1773 826 1880 891 x1,
1919 828 1994 880 ιο.

818 945 1020 1021 tolus,
1052 943 1124 1005 in
1154 961 1291 1024 cap.
1335 943 1495 1006 XIV
1520 989 1537 1018 ,
1574 942 1907 1007 silentium
1958 945 2264 1008 mulieres
2305 964 2560 1027 semper
2586 947 2656 1010 in
2688 947 2957 1011 ecclesia

816 1054 1108 1116 obtinere
1138 1099 1152 1127 ,
1189 1051 1301 1112 sed
1333 1050 1502 1112 nihil
1547 1051 1618 1112 in
1654 1068 1791 1132 cap.
1833 1053 1929 1114 XI
1969 1052 2215 1114 indicat
2256 1053 2560 1116 mulieres
2600 1054 2667 1116 in
2708 1053 2957 1118 ecclesia

816 1162 1053 1225 debere
1100 1169 1214 1227 aut
1252 1178 1437 1224 orare
1480 1166 1592 1223 aut
1635 1161 2012 1242 prophetare
2047 1161 2158 1242 (1).
2211 1161 2374 1224 Cum
2417 1162 2487 1224 in
2535 1180 2670 1244 cap.
2710 1163 2872 1225 XIV
2902 1162 2957 1222 ἐν

814 1270 944 1355 οἴκῳ
978 1269 1191 1332 verbis
1225 1272 1279 1330 ἐν
1308 1278 1426 1337 ταῖς
1459 1268 1764 1342 ἐκκλησίαις
1803 1276 2160 1349 opponatur
2194 1277 2386 1349 atque
2424 1270 2496 1331 in
2545 1269 2768 1334 eodem
2813 1287 2947 1350 cap.

815 1377 1147 1441 silentium
1180 1377 1234 1436 ἐν
1261 1386 1381 1444 ταῖς
1407 1376 1714 1449 ἐκκλησίαις
1743 1377 2234 1455 praescribatur,
2262 1376 2464 1458 liquet
2493 1377 2850 1440 orationem
2882 1394 2957 1439 ac

814 1483 1368 1565 prophetationem
1406 1500 1568 1563 quas
1606 1482 1680 1543 in
1720 1500 1857 1563 cap.
1900 1483 1999 1546 XI
2037 1482 2364 1563 apostolus
2392 1484 2710 1565 permisit,
2745 1487 2800 1545 ἐν
2826 1484 2955 1569 οἴκῳ

815 1591 1004 1656 modo
1037 1592 1339 1673 permitti.

893 1701 1073 1777 Quae
1104 1699 1241 1762 illis
1269 1698 1691 1763 consideretis
1719 1699 1913 1778 objici
1943 1706 2210 1779 possunt
2236 1701 2639 1778 argumentis
2660 1749 2677 1781 ,
2709 1700 2958 1764 nullius

812 1807 1128 1870 momenti
1160 1815 1334 1868 sunt.
1372 1808 1518 1869 Non
1564 1814 1735 1868 recte
1767 1804 1958 1869 Godet
1984 1824 2044 1867 ν.
2086 1805 2156 1867 16
2188 1807 2576 1884 obtestatur3
2619 1806 2954 1870 ostendam

815 1929 957 1976 mox
991 1913 1167 1975 huuc
1196 1931 1258 1973 v.
1302 1913 1371 1973 16
1402 1912 1483 1974 ad
1528 1913 1677 1975 1-15
1719 1929 1851 1975 non
1901 1912 2316 1998 referendum
2346 1931 2485 1977 esse
2513 1961 2527 1990 ,
2570 1913 2683 1976 sed
2719 1931 2952 1978 novam

809 2018 1307 2101 explicationem
1342 2019 1655 2098 incipere.
1694 2019 2023 2096 Ceterum,
2052 2020 2310 2082 etiamsi
2346 2020 2454 2082 hic
2488 2037 2658 2083 vers.
2695 2020 2776 2083 ad
2808 2019 2952 2082 1-15

810 2128 1186 2191 referendus
1230 2135 1431 2206 esset,
1474 2135 1735 2209 apparet
1765 2147 1824 2189 V.
1860 2131 1916 2189 αἱ
1949 2127 2226 2203 ἐκκλήσιαι
2266 2128 2365 2209 (in
2410 2128 2533 2191 hoc
2576 2146 2636 2189 v.
2674 2127 2777 2210 16)
2822 2146 2952 2192 non

806 2235 1096 2316 publicos
1154 2242 1508 2299 conventus
1559 2234 1903 2314 designare
1926 2285 1940 2313 ,
2004 2236 2115 2298 sed
2165 2236 2346 2298 varia
2402 2235 2907 2299 christianorum
2934 2283 2948 2309 ,

810 2351 879 2407 ut
908 2344 998 2406 ita
1025 2343 1264 2421 dicam,
1289 2342 1560 2423 collegia
1583 2343 1655 2405 in
1686 2342 1914 2405 multis
1944 2341 2216 2405 urbibus
2250 2342 2569 2406 instituta.
2604 2343 2851 2406 Versus
2880 2342 2949 2404 16

806 2452 1079 2515 omnino
1122 2469 1316 2513 sensu
1347 2458 1625 2527 careret,
1657 2448 1714 2511 si
1743 2451 1802 2510 αἱ
1831 2449 2108 2524 ἐκκλήσιαι
2149 2477 2174 2504 α
2208 2450 2501 2530 publicos
2530 2456 2886 2514 conventus
2918 2472 2947 2506 ι

811 2577 1039 2622 revera
1064 2560 1135 2620 in
1166 2559 1235 2621 h.
1264 2576 1431 2622 vers.
1460 2559 1899 2636 designarent.
1930 2590 2008 2603 —-
2031 2561 2514 2637 Argumentum
2538 2556 2712 2637 quod
2731 2574 2767 2618 e
2785 2575 2848 2617 v.
2878 2554 2949 2616 10

827 2666 1017 2730 Godet
1047 2665 1261 2738 ducit,
1306 2666 1378 2727 in
1427 2664 1957 2745 interpretatione
1993 2666 2060 2727 h.
2105 2683 2165 2725 v.
2208 2665 2444 2727 nititur
2487 2680 2681 2744 quam
2718 2661 2945 2726 refelli.

806 2774 996 2850 Quod
1055 2783 1273 2836 autem
1328 2773 1482 2836 dicit
1537 2792 1552 2836 t
1612 2797 1643 2831 «
1700 2772 1758 2835 11
1810 2780 1906 2837 est
1959 2773 2333 2853 impossible
2390 2771 2767 2835 d’admettre
2825 2787 2952 2850 que

812 2881 1102 2962 l’Apdtre
1161 2884 1270 2944 ent
1319 2881 1516 2944 voulu
1576 2881 1857 2960 imposer
1913 2880 2311 2960 l’obligation
2365 2880 2450 2943 du
2504 2880 2674 2946 voile
2728 2882 2766 2941 a
2822 2894 2951 2941 une

806 2988 988 3052 mere
1047 2990 1258 3069 priant
1307 2992 1613 3051 entouree
1670 2987 1749 3049 de
1802 3005 1920 3051 son
1978 2988 2145 3050 mari
2205 2995 2268 3051 et
2316 2988 2396 3050 de
2451 3006 2551 3051 ses
2606 2987 2861 3051 enfants
2915 3009 2944 3043 ι

807 3100 885 3178 (p.
933 3092 1094 3176 131),
1126 3095 1292 3158 illud
1322 3120 1352 3153 «
1386 3115 1423 3158 a
1452 3095 1657 3176 priori
1690 3119 1721 3152 »
1754 3094 2003 3157 dictum
2034 3111 2166 3158 non
2198 3095 2408 3159 solum
2435 3104 2607 3159 textu
2631 3112 2765 3159 non
2793 3110 2948 3158 con-

806 3206 1103 3266 firmatur
1134 3202 1227 3283 (2)
1250 3251 1264 3279 ,
1298 3204 1408 3266 sed
1439 3203 1543 3265 illi
1586 3203 1989 3266 contradicit.
2037 3203 2507 3267 Animadverte
2548 3203 2726 3268 enim
2758 3200 2949 3265 Pauli

805 3312 878 3374 in
910 3329 967 3372 ν.
1008 3309 1045 3372 6
1078 3310 1659 3373 ratiocinationem.
1714 3311 1951 3373 Utrum
1986 3311 2250 3375 mulieri
2292 3319 2477 3390 turpe
2517 3318 2643 3388 est,
2685 3324 2940 3382 annon,

807 3415 1059 3498 capillis
1096 3416 1299 3479 tonsis
1322 3465 1336 3492 ,
1368 3403 1539 3479 inter
1567 3417 1805 3481 liberos
1852 3426 1915 3479 et
1948 3418 2258 3481 maritum
2303 3420 2488 3481 esse?
2516 3418 2751 3482 Nonne
2779 3416 2945 3479 illud

806 3544 869 3589 v.
909 3524 978 3587 15
1008 3523 1313 3587 roborat?
1343 3511 1527 3586 Num
1575 3524 1730 3587 foris
1764 3523 2171 3588 solummodo
2210 3525 2446 3588 mulier
2491 3524 2685 3604 longo
2718 3531 2814 3587 est
2839 3541 2943 3587 ca-

869 3766 937 3831 (1)
965 3766 1033 3816 V.
1074 3765 1129 3817 13
1172 3779 1494 3818 asseverare
1525 3771 1722 3819 contra
1761 3766 1988 3817 videtur
2029 3766 2317 3816 mulierem
2365 3781 2466 3830 pro
2508 3772 2649 3831 Deo,
2687 3780 2800 3817 non
2839 3781 2940 3831 pro

806 3857 1122 3907 hominibus
1166 3870 1342 3906 orare.
1385 3855 1468 3907 Cf.
1516 3856 1661 3916 XIV,
1701 3857 1763 3906 28
1807 3872 1818 3905 :
1870 3858 2030 3920 ἑαυτῷ
2075 3857 2283 3907 λαλείτω
2323 3858 2408 3907 καὶ
2447 3857 2517 3919 τῷ
2545 3858 2659 3921 θεῷ,
2692 3857 2841 3920 quod
2871 3859 2941 3921 τῷ

805 3948 967 3997 λαλεῖν
997 3960 1136 3996 voce
1166 3959 1363 4010 magna
1391 3946 1449 3994 in
1492 3947 1725 3996 ecclesia
1755 3946 2074 4009 opponitur.
2116 3945 2200 3997 Cf.
2241 3960 2462 4009 quoque
2494 3946 2639 4005 XIV,
2671 3946 2702 3995 2
2731 3961 2849 4011 sqq.
2881 3973 2940 3983 —

807 4035 890 4085 Ex
917 4049 984 4085 eo
1011 4036 1160 4099 quod
1193 4035 1399 4085 Paulus
1429 4035 1497 4085 de
1527 4036 1855 4085 mulieribus
1886 4040 2016 4084 ante
2045 4051 2097 4085 v.
2135 4035 2285 4086 17-18
2320 4038 2598 4099 loquatur,
2627 4037 2936 4097 conficitur,

804 4138 891 4173 me
917 4124 1130 4187 judice,
1166 4125 1458 4187 perspicue
1489 4124 1748 4174 mulieres
1785 4128 1839 4173 et
1870 4125 2105 4173 concilia
2135 4138 2324 4174 secum
2358 4126 2562 4174 nullam
2600 4139 2717 4174 rem
2746 4125 2804 4174 in
2833 4126 2938 4175 hoc

762 4205 767 4210 ’
808 4226 925 4276 cap.
957 4213 1178 4262 habere.

869 4301 939 4365 (ἲ)
970 4301 1114 4351 Num
1154 4302 1440 4352 miraberis
1474 4302 1706 4353 Paulum
1742 4303 1811 4351 de
1841 4303 2049 4354 vestitu
2083 4305 2377 4354 mulierum
2406 4306 2554 4356 domi
2586 4306 2821 4357 curare?
2850 4305 2932 4357 Cf.

807 4395 991 4441 autem
1027 4392 1043 4441 1
1072 4392 1231 4454 Tim„
1260 4392 1329 4453 ΙΙ,
1361 4391 1501 4453 8-10,
1532 4407 1595 4442 ac
1623 4393 1950 4456 praesertim
1981 4395 2032 4444 ἐν
2060 4396 2211 4445 παντὶ
2237 4396 2397 4460 τόπῳ.
