3559 5609
1619 805 1694 856 IX
1708 843 1720 866 ,
1760 805 1839 855 23.
2738 805 2800 855 99

667 922 928 1001 exsequi
978 921 1048 982 in
1097 929 1319 984 mente
1376 937 1503 984 non
1554 921 1697 983 fuit.
1749 920 1917 984 Cum
1972 937 2180 1000 neque
2229 918 2538 999 repellere
2588 935 2800 998 neque

669 1030 952 1109 recipere
983 1028 1426 1108 exceptionem
1456 1036 1567 1090 aut
1593 1030 1997 1108 exceptiones
2029 1026 2243 1101 vellet,
2279 1044 2425 1089 cum
2457 1026 2536 1088 de
2566 1042 2804 1104 magna

666 1136 1086 1199 multitudine
1120 1135 1331 1200 solum
1362 1135 1695 1214 cogitaret,
1728 1135 1934 1215 potuit
1964 1134 2072 1196 his
2104 1134 2317 1196 verbis
2347 1133 2535 1214 quasi
2564 1149 2802 1212 cogno-

667 1243 931 1305 minatis
960 1243 1055 1304 uti
1085 1240 1203 1324 (1).

747 1351 876 1413 Pro
918 1349 1033 1411 illa
1087 1349 1538 1411 emendatione
1579 1367 1617 1410 a
1661 1349 1848 1412 nobis
1891 1349 2250 1429 proposita,
2289 1348 2555 1411 fortasse
2591 1347 2805 1426 legere

666 1457 855 1519 malis
874 1456 959 1518 ἵνα
982 1458 1196 1525 πάντως
1216 1457 1428 1518 πάντα
1442 1482 1466 1524 ς
1492 1460 1678 1518 σώσω.
1693 1457 1774 1519 V.
1794 1456 2028 1531 πάντως,
2044 1474 2193 1518 cum
2212 1456 2412 1524 πάντας
2433 1456 2800 1530 confusum,

666 1564 979 1625 omissum
1012 1573 1108 1625 est
1148 1583 1162 1626 ι
1203 1564 1376 1626 unde
1407 1562 1595 1625 lectio
1628 1562 1939 1626 librorum
1976 1561 2220 1624 DEFG.
2268 1563 2348 1623 In
2382 1560 2532 1624 aliis
2566 1562 2706 1624 cod.
2740 1579 2802 1622 v.

667 1677 882 1732 autem
914 1671 1116 1743 πάντας
1146 1678 1518 1750 corruptum
1557 1670 1680 1732 fuit
1707 1687 1779 1731 ac
1809 1670 1952 1737 τινάς
1987 1669 2254 1751 peperit.
2294 1669 2471 1731 Vere.
2507 1673 2618 1736 τοῖς
2644 1677 2805 1728 πᾶσιν

665 1776 853 1858 γέγονα
881 1779 1052 1839 πάντα
1075 1825 1094 1855 ,
1123 1777 1208 1839 ἵνα
1236 1778 1447 1847 πάντως
1475 1779 1677 1847 πάντας
1707 1776 1868 1838 σώσω
1898 1785 2259 1840 accuratam
2297 1775 2645 1857 quamdam
2690 1793 2805 1836 ex-

667 1885 1101 1966 quisitamque
1120 1885 1510 1965 elegantiam
1535 1886 1878 1949 manifeste
1906 1894 2171 1948 testatur
2193 1884 2296 1964 (cf.
2325 1883 2501 1963 Sap„
2534 1882 2649 1958 VI,
2679 1881 2802 1963 11),

667 2011 830 2073 quae
860 2011 1164 2073 magnam
1202 1994 1262 2056 ei
1293 1993 1736 2057 auctoritatem
1767 1993 2017 2056 tribuit.

748 2099 1088 2181 Conjicere
1118 2100 1311 2164 etiam
1349 2101 1548 2181 possis
1578 2120 1640 2161 v.
1677 2101 1823 2169 τινάς
1858 2119 1894 2162 e
1923 2100 2166 2181 duplici
2198 2099 2600 2163 restitutione
2625 2117 2685 2159 v.
2717 2096 2802 2157 ἵνα

670 2215 896 2270 natum
927 2207 1159 2285 fuisse,
1194 2209 1402 2289 quod,
1446 2216 1753 2288 sequente
1789 2206 1984 2282 σώσω,
2032 2207 2274 2270 factum
2314 2212 2410 2269 est
2444 2229 2585 2281 ινας,
2630 2204 2804 2266 unde

668 2339 833 2383 τινας.
889 2317 1191 2378 Attamen
1242 2317 1463 2379 minus
1513 2324 1608 2378 est
1657 2315 1842 2379 facile
1891 2315 2319 2378 mutationem
2371 2333 2431 2378 v.
2481 2314 2686 2381 πάντας
2728 2312 2802 2373 in

669 2423 881 2492 πάντως
912 2441 1107 2504 quam
1153 2424 1479 2486 inversam
1529 2426 1953 2488 mutationem
1997 2424 2286 2503 accipere
2314 2422 2546 2503 (Atqui
2585 2421 2802 2483 dicere

671 2532 874 2612 possis
917 2531 1109 2594 verba
1140 2531 1342 2599 πάντας
1378 2532 1552 2608 τίνας,
1593 2550 1739 2593 cum
1787 2532 2089 2611 expedire
2133 2531 2483 2611 nequirent
2517 2529 2800 2604 librarii,

671 2637 739 2697 in
775 2637 985 2706 πάντως
1010 2638 1155 2706 τινάς
1183 2637 1583 2720 mutavisse).

754 2743 855 2805 Ad
883 2761 1206 2806 summam
1237 2744 1475 2807 menda
1503 2745 1959 2809 emendatione
1993 2746 2245 2808 certior.

1600 2956 1699 3020 IX
1721 3005 1736 3033 ,
1782 2956 1882 3021 23.

753 3175 832 3235 In
866 3174 938 3237 T.
985 3174 1066 3235 R.
1106 3191 1327 3236 versus
1362 3172 1468 3234 hic
1512 3173 1705 3234 efficit
1747 3180 1817 3234 ut
1860 3172 2291 3253 repugnantia
2334 3172 2573 3235 Paulus
2612 3172 2802 3235 dicat.

676 3281 865 3344 Modo
898 3279 1305 3343 enumeravit
1333 3280 1512 3342 enim
1540 3279 1763 3342 omnia
1786 3296 1950 3359 quae
1973 3297 2089 3342 sua
2114 3287 2340 3360 sponte
2362 3280 2518 3358 agit,
2545 3279 2809 3359 illisque

675 3388 938 3467 opponit
981 3388 1106 3448 ista
1146 3405 1312 3467 quae
1357 3404 1487 3449 non
1536 3404 1729 3465 agere
1777 3404 1913 3451 non
1960 3395 2180 3468 potest.
2231 3387 2310 3447 In
2353 3406 2410 3449 v.
2452 3385 2527 3451 23
2566 3395 2804 3463 autem,

676 3511 842 3574 quae
873 3493 1119 3555 Paulus
1149 3511 1265 3556 sua
1296 3503 1521 3574 sponte
1551 3495 1703 3572 agit,
1742 3494 1990 3572 cogitur
2025 3502 2238 3554 tamen
2262 3539 2280 3569 ,
2315 3503 2381 3555 ut
2411 3492 2627 3556 salvus
2656 3494 2767 3556 fiat
2790 3539 2805 3566 ,

675 3600 903 3677 agere!
936 3633 1016 3644 —
1045 3600 1282 3680 Aperte
1319 3600 1516 3663 etiam
1551 3599 1656 3661 hic
1700 3618 1927 3661 versus
1966 3608 2188 3661 contra
2223 3606 2564 3678 sequentes
2599 3600 2757 3661 dicit
2791 3617 2806 3661 ε

674 3705 825 3787 κάγὼ
852 3707 1024 3767 πάντα
1052 3715 1211 3766 πᾶσιν
1237 3703 1469 3788 ἀρέσκω,
1495 3703 1571 3785 μὴ
1603 3708 1772 3777 ζητῶν
1801 3704 1863 3764 τὸ
1892 3708 2125 3783 ἐμαυτοῦ
2155 3703 2417 3789 σύμφορον
2445 3704 2584 3766 ἀλλὰ
2616 3705 2678 3765 τὸ
2703 3717 2811 3765 τῶν

676 3816 910 3889 πολλῶν,
940 3813 1024 3873 ἵνα
1059 3818 1319 3874 σωθῶσιν.
1353 3811 1654 3892 Illudque
1681 3810 1854 3878 καθώς
1885 3828 2011 3890 quo
2041 3812 2146 3873 hic
2177 3830 2399 3874 versus
2435 3813 2685 3902 incipit,
2719 3813 2810 3873 si-

740 4096 808 4160 (1)
831 4095 1163 4158 Plerumque
1193 4101 1554 4159 opponuntur
1583 4111 1633 4147 v.
1669 4096 1736 4155 εἷς
1763 4098 1935 4146 verba
1960 4097 2139 4154 πάντες
2167 4100 2222 4145 et
2248 4095 2469 4153 πλείονες
2496 4098 2592 4145 aut
2618 4095 2810 4162 πολλοί,

680 4200 805 4236 cum
855 4187 1247 4249 cognominata
1291 4191 1651 4249 usurpantur.
1707 4187 1811 4237 Hic
1863 4192 2048 4236 autem
2098 4190 2126 4237 ὁ
2172 4187 2239 4244 εἷς
2289 4185 2495 4236 Paulus
2538 4185 2659 4249 ipse
2708 4191 2808 4237 est.

680 4275 765 4325 Cf.
797 4275 874 4337 X,
906 4276 967 4359 33
992 4277 1089 4324 ubi
1129 4277 1188 4326 τὸ
1224 4276 1496 4340 ἐμαυτοῦ
1528 4278 1777 4344 σύμφορον
1811 4282 1864 4327 et
1905 4280 1963 4329 τὸ
1996 4283 2113 4327 τῶν
2146 4278 2386 4328 πολλῶν
2418 4276 2512 4338 (sc.
2544 4276 2815 4342 σύμφορον)

681 4368 1057 4428 opponuntur.
